
<record>
  <leader>03530cam a22005777i 4500</leader>
  <controlfield tag="001">18884987</controlfield>
  <controlfield tag="005">20200103120904.0</controlfield>
  <controlfield tag="008">151205s2015    enkac    b    001 0 eng c</controlfield>
  <datafield tag="906" ind1=" " ind2=" ">
    <subfield code="a">7</subfield>
    <subfield code="b">cbc</subfield>
    <subfield code="c">pccadap</subfield>
    <subfield code="d">2</subfield>
    <subfield code="e">ncip</subfield>
    <subfield code="f">20</subfield>
    <subfield code="g">y-gencatlg</subfield>
  </datafield>
  <datafield tag="925" ind1="0" ind2=" ">
    <subfield code="a">acquire</subfield>
    <subfield code="b">1 shelf copy</subfield>
    <subfield code="x">policy default</subfield>
  </datafield>
  <datafield tag="955" ind1=" " ind2=" ">
    <subfield code="b">rm05 2018-05-09 z-processor</subfield>
    <subfield code="i">rm05 2018-05-22 to Dewey</subfield>
  </datafield>
  <datafield tag="955" ind1=" " ind2=" ">
    <subfield code="b">rm08 2015-12-05 z-processor</subfield>
  </datafield>
  <datafield tag="010" ind1=" " ind2=" ">
    <subfield code="a">  2015490531</subfield>
  </datafield>
  <datafield tag="015" ind1=" " ind2=" ">
    <subfield code="a">GBB5C6172</subfield>
    <subfield code="2">bnb</subfield>
  </datafield>
  <datafield tag="016" ind1="7" ind2=" ">
    <subfield code="a">101673251</subfield>
    <subfield code="2">DNLM</subfield>
  </datafield>
  <datafield tag="020" ind1=" " ind2=" ">
    <subfield code="a">9781783270408</subfield>
    <subfield code="q">(hbk. ;</subfield>
    <subfield code="q">alk. paper)</subfield>
  </datafield>
  <datafield tag="020" ind1=" " ind2=" ">
    <subfield code="a">1783270403</subfield>
    <subfield code="q">(hbk. ;</subfield>
    <subfield code="q">alk. paper)</subfield>
  </datafield>
  <datafield tag="035" ind1=" " ind2=" ">
    <subfield code="a">(OCoLC)ocn925508354</subfield>
  </datafield>
  <datafield tag="040" ind1=" " ind2=" ">
    <subfield code="a">StDuBDS</subfield>
    <subfield code="b">eng</subfield>
    <subfield code="c">NLM</subfield>
    <subfield code="e">rda</subfield>
    <subfield code="d">CUD</subfield>
    <subfield code="d">YDXCP</subfield>
    <subfield code="d">OCLCF</subfield>
    <subfield code="d">VT2</subfield>
    <subfield code="d">PIT</subfield>
    <subfield code="d">CDX</subfield>
    <subfield code="d">OCLCO</subfield>
    <subfield code="d">OCLCQ</subfield>
    <subfield code="d">OCLCO</subfield>
    <subfield code="d">OCLCQ</subfield>
    <subfield code="d">ZWZ</subfield>
    <subfield code="d">OCLCO</subfield>
    <subfield code="d">VRC</subfield>
    <subfield code="d">SOI</subfield>
    <subfield code="d">DLC</subfield>
  </datafield>
  <datafield tag="060" ind1="1" ind2="0">
    <subfield code="a">HV 245</subfield>
  </datafield>
  <datafield tag="050" ind1="0" ind2="0">
    <subfield code="a">HV4086.A6</subfield>
    <subfield code="b">G843 2015</subfield>
  </datafield>
  <datafield tag="060" ind1="0" ind2="0">
    <subfield code="a">2016 A-215</subfield>
  </datafield>
  <datafield tag="100" ind1="1" ind2=" ">
    <subfield code="a">Crossan, Rose-Marie,</subfield>
    <subfield code="e">author.</subfield>
  </datafield>
  <datafield tag="245" ind1="1" ind2="0">
    <subfield code="a">Poverty and welfare in Guernsey, 1560-2015 /</subfield>
    <subfield code="c">Rose-Marie Crossan.</subfield>
  </datafield>
  <datafield tag="264" ind1=" " ind2="1">
    <subfield code="a">Woodbridge :</subfield>
    <subfield code="b">The Boydell Press,</subfield>
    <subfield code="c">2015.</subfield>
  </datafield>
  <datafield tag="300" ind1=" " ind2=" ">
    <subfield code="a">332 pages :</subfield>
    <subfield code="b">illustrations, portraits ;</subfield>
    <subfield code="c">24 cm</subfield>
  </datafield>
  <datafield tag="336" ind1=" " ind2=" ">
    <subfield code="a">text</subfield>
    <subfield code="b">txt</subfield>
    <subfield code="2">rdacontent</subfield>
  </datafield>
  <datafield tag="337" ind1=" " ind2=" ">
    <subfield code="a">unmediated</subfield>
    <subfield code="b">n</subfield>
    <subfield code="2">rdamedia</subfield>
  </datafield>
  <datafield tag="338" ind1=" " ind2=" ">
    <subfield code="a">volume</subfield>
    <subfield code="b">nc</subfield>
    <subfield code="2">rdacarrier</subfield>
  </datafield>
  <datafield tag="504" ind1=" " ind2=" ">
    <subfield code="a">Includes bibliographical references and index.</subfield>
  </datafield>
  <datafield tag="505" ind1="0" ind2=" ">
    <subfield code="a">Governance, economy, society -- Poverty -- Beginnings of parochial poor relief -- Outdoor relief, mid-eighteenth to mid-twentieth centuries -- Self-help and voluntary charity -- Overview -- Infirmary and lunatic asylum -- People -- Daily life -- From parishes to states -- Appendices: 1. Writings on peasant proprietorship in Guernsey -- 2. Poor rates, indoor and outdoor relief spending, St Peter Port, 1724-1924 -- 3. Parochial poor relief in other channel islands -- 4. Average year-end head-counts and average annual admissions and discharges, town hospital, 1700s-1900s -- 5. Adult admissions ascribed to illness and accidents, town hospital, 1852-1919 -- 6. Relative proportions of men and women in year-end head-counts and annual admissions, town hospital, 1750-1919 -- 7. Annual averages of child admissions and year-end numbers, town hospital, 1756-1919 -- 8. Over-60s as a proportion of all inmates, and composition by sex of over-60s cohort, town hospital, 1756-1911 -- 9. Average weekly amounts purchased per head, town hospital, 1760-1917 -- 10. Timeline: developments in poor relief and social security, 1700-2010.</subfield>
  </datafield>
  <datafield tag="650" ind1=" " ind2="0">
    <subfield code="a">Poor</subfield>
    <subfield code="x">Services for</subfield>
    <subfield code="z">Guernsey</subfield>
    <subfield code="x">History.</subfield>
  </datafield>
  <datafield tag="650" ind1=" " ind2="0">
    <subfield code="a">Public welfare</subfield>
    <subfield code="z">Guernsey</subfield>
    <subfield code="x">History.</subfield>
  </datafield>
  <datafield tag="650" ind1=" " ind2="0">
    <subfield code="a">Workhouses</subfield>
    <subfield code="z">Guernsey</subfield>
    <subfield code="z">Saint Peter Port</subfield>
    <subfield code="x">History.</subfield>
  </datafield>
  <datafield tag="650" ind1="1" ind2="2">
    <subfield code="a">Poverty</subfield>
    <subfield code="x">history.</subfield>
  </datafield>
  <datafield tag="650" ind1="2" ind2="2">
    <subfield code="a">Public Assistance</subfield>
    <subfield code="x">history.</subfield>
  </datafield>
  <datafield tag="650" ind1="2" ind2="2">
    <subfield code="a">Social Welfare</subfield>
    <subfield code="x">history.</subfield>
  </datafield>
  <datafield tag="650" ind1="2" ind2="2">
    <subfield code="a">Almshouses</subfield>
    <subfield code="x">history.</subfield>
  </datafield>
  <datafield tag="650" ind1="2" ind2="2">
    <subfield code="a">Social Conditions</subfield>
    <subfield code="x">history.</subfield>
  </datafield>
  <datafield tag="650" ind1="2" ind2="2">
    <subfield code="a">Delivery of Health Care</subfield>
    <subfield code="x">history.</subfield>
  </datafield>
  <datafield tag="650" ind1="2" ind2="2">
    <subfield code="a">History, Early Modern 1451-1600.</subfield>
  </datafield>
  <datafield tag="650" ind1="2" ind2="2">
    <subfield code="a">History, Modern 1601-</subfield>
  </datafield>
  <datafield tag="651" ind1=" " ind2="2">
    <subfield code="a">Guernsey.</subfield>
  </datafield>
  <datafield tag="650" ind1=" " ind2="7">
    <subfield code="a">Poor</subfield>
    <subfield code="x">Services for.</subfield>
    <subfield code="2">fast</subfield>
    <subfield code="0">(OCoLC)fst01071142</subfield>
  </datafield>
  <datafield tag="650" ind1=" " ind2="7">
    <subfield code="a">Public welfare.</subfield>
    <subfield code="2">fast</subfield>
    <subfield code="0">(OCoLC)fst01083250</subfield>
  </datafield>
  <datafield tag="650" ind1=" " ind2="7">
    <subfield code="a">Workhouses.</subfield>
    <subfield code="2">fast</subfield>
    <subfield code="0">(OCoLC)fst01180407</subfield>
  </datafield>
  <datafield tag="651" ind1=" " ind2="7">
    <subfield code="a">Great Britain Miscellaneous Island Dependencies</subfield>
    <subfield code="z">Guernsey.</subfield>
    <subfield code="2">fast</subfield>
    <subfield code="0">(OCoLC)fst01898108</subfield>
  </datafield>
  <datafield tag="651" ind1=" " ind2="7">
    <subfield code="a">Great Britain Miscellaneous Island Dependencies</subfield>
    <subfield code="z">Saint Peter Port (Guernsey)</subfield>
    <subfield code="2">fast</subfield>
    <subfield code="0">(OCoLC)fst01898113</subfield>
  </datafield>
  <datafield tag="655" ind1=" " ind2="7">
    <subfield code="a">History.</subfield>
    <subfield code="2">fast</subfield>
    <subfield code="0">(OCoLC)fst01411628</subfield>
  </datafield>
  <datafield tag="650" ind1=" " ind2="7">
    <subfield code="a">Pauvres</subfield>
    <subfield code="x">Protection, assistance, etc.</subfield>
    <subfield code="z">Grande-Bretagne</subfield>
    <subfield code="z">Guernesey (GB)</subfield>
    <subfield code="x">Histoire.</subfield>
    <subfield code="2">ram</subfield>
  </datafield>
  <datafield tag="650" ind1=" " ind2="7">
    <subfield code="a">Aide sociale</subfield>
    <subfield code="z">Grande-Bretagne</subfield>
    <subfield code="z">Guernesey (GB)</subfield>
    <subfield code="x">Histoire.</subfield>
    <subfield code="2">ram</subfield>
  </datafield>
</record>