
<record>
  <leader>02315cam a22003377i 4500</leader>
  <controlfield tag="001">18885960</controlfield>
  <controlfield tag="005">20200103150536.0</controlfield>
  <controlfield tag="008">151207s2016    enk      b    001 0 eng  </controlfield>
  <datafield tag="906" ind1=" " ind2=" ">
    <subfield code="a">7</subfield>
    <subfield code="b">cbc</subfield>
    <subfield code="c">orignew</subfield>
    <subfield code="d">1</subfield>
    <subfield code="e">ecip</subfield>
    <subfield code="f">20</subfield>
    <subfield code="g">y-gencatlg</subfield>
  </datafield>
  <datafield tag="925" ind1="0" ind2=" ">
    <subfield code="a">acquire</subfield>
    <subfield code="b">1 shelf copy</subfield>
    <subfield code="x">policy default</subfield>
  </datafield>
  <datafield tag="955" ind1=" " ind2=" ">
    <subfield code="b">rm13 2015-12-07</subfield>
    <subfield code="i">rm13 2015-12-07 (telework)</subfield>
    <subfield code="w">xl06 2015-12-16</subfield>
    <subfield code="a">xn08 2016-07-13 1 copy rec&apos;d., to CIP ver.</subfield>
    <subfield code="f">rm06 2016-07-18 to CALM (OT)</subfield>
  </datafield>
  <datafield tag="010" ind1=" " ind2=" ">
    <subfield code="a">  2015041662</subfield>
  </datafield>
  <datafield tag="020" ind1=" " ind2=" ">
    <subfield code="a">9781138929500 (hardback)</subfield>
  </datafield>
  <datafield tag="020" ind1=" " ind2=" ">
    <subfield code="a">9781138929517 (pbk.)</subfield>
  </datafield>
  <datafield tag="020" ind1=" " ind2=" ">
    <subfield code="z">9781315681177 (ebook)</subfield>
  </datafield>
  <datafield tag="040" ind1=" " ind2=" ">
    <subfield code="a">DLC</subfield>
    <subfield code="b">eng</subfield>
    <subfield code="c">DLC</subfield>
    <subfield code="e">rda</subfield>
    <subfield code="d">DLC</subfield>
  </datafield>
  <datafield tag="050" ind1="0" ind2="0">
    <subfield code="a">HT119</subfield>
    <subfield code="b">.U6973 2016</subfield>
  </datafield>
  <datafield tag="082" ind1="0" ind2="0">
    <subfield code="a">307.76</subfield>
    <subfield code="2">23</subfield>
  </datafield>
  <datafield tag="245" ind1="0" ind2="4">
    <subfield code="a">The urban uncanny :</subfield>
    <subfield code="b">a collection of interdisciplinary studies /</subfield>
    <subfield code="c">edited by Lucy Huskinson.</subfield>
  </datafield>
  <datafield tag="250" ind1=" " ind2=" ">
    <subfield code="a">1 Edition.</subfield>
  </datafield>
  <datafield tag="264" ind1=" " ind2="1">
    <subfield code="a">London ;</subfield>
    <subfield code="a">New York :</subfield>
    <subfield code="b">Routledge, Taylor &amp; Francis Group,</subfield>
    <subfield code="c">2016.</subfield>
  </datafield>
  <datafield tag="300" ind1=" " ind2=" ">
    <subfield code="a">ix, 195 pages ;</subfield>
    <subfield code="c">25 cm</subfield>
  </datafield>
  <datafield tag="336" ind1=" " ind2=" ">
    <subfield code="a">text</subfield>
    <subfield code="2">rdacontent</subfield>
  </datafield>
  <datafield tag="337" ind1=" " ind2=" ">
    <subfield code="a">unmediated</subfield>
    <subfield code="2">rdamedia</subfield>
  </datafield>
  <datafield tag="338" ind1=" " ind2=" ">
    <subfield code="a">volume</subfield>
    <subfield code="2">rdacarrier</subfield>
  </datafield>
  <datafield tag="504" ind1=" " ind2=" ">
    <subfield code="a">Includes bibliographical references and index.</subfield>
  </datafield>
  <datafield tag="505" ind1="0" ind2=" ">
    <subfield code="a">Acknowledgements -- Introduction: the urban uncanny / LUCY HUSKINSON -- Going underground : margins, dreams, and dark spaces in Nimrcentd Antal&apos;s kontroll / OWEN EVANS -- Shadows over Oxford : memories, murder, mystery, and morse / RUTHER MEYER -- This hated city : &quot;deadmonton&quot;, Edmonton&apos;s alter-ego / HESSEN R. ZOELLER -- Cities of the dead : the Paris catacombs and Piere Lachaise cemetery in post-revolutionary Paris / ERIN-MARIE LEGACEY -- Ruptures in the city : retrospective memory in Benjamin&apos;s Paris and Koolhaas&apos; New York / BEN MOORE -- Pathologizing the city : archetypal psychology and the built environment / LUCY HUSKINSON -- The wandering architecture of city and psyche / PHYLLIS MAZOCCHI -- Geographies of loss and ruptured identities : the divided cities of Berlin and Nicosia / CATHERINE L. DOLLARD -- Nostalgic maps : wandering in a disappearing cityscape in Miels, Joka ei osannut sanoa ei [the man who could not say no] (1975) / ESSI VIITANEN -- Reconfiguring the urban body in Delillo&apos;s cosmopolis (2013) / DAAN WESSELMAN.</subfield>
  </datafield>
  <datafield tag="650" ind1=" " ind2="0">
    <subfield code="a">City and town life</subfield>
    <subfield code="x">Psychological aspects.</subfield>
  </datafield>
  <datafield tag="650" ind1=" " ind2="0">
    <subfield code="a">Alienation (Social psychology)</subfield>
  </datafield>
  <datafield tag="650" ind1=" " ind2="0">
    <subfield code="a">Identity (Psychology)</subfield>
  </datafield>
  <datafield tag="700" ind1="1" ind2=" ">
    <subfield code="a">Huskinson, Lucy,</subfield>
    <subfield code="d">1976-</subfield>
    <subfield code="e">editor.</subfield>
  </datafield>
</record>