
<record>
  <leader>02742cam a22004337i 4500</leader>
  <controlfield tag="001">18886239</controlfield>
  <controlfield tag="005">20200103150536.0</controlfield>
  <controlfield tag="008">151207s2016    iluab         000 0aeng c</controlfield>
  <datafield tag="906" ind1=" " ind2=" ">
    <subfield code="a">7</subfield>
    <subfield code="b">cbc</subfield>
    <subfield code="c">pccadap</subfield>
    <subfield code="d">2</subfield>
    <subfield code="e">epcn</subfield>
    <subfield code="f">20</subfield>
    <subfield code="g">y-gencatlg</subfield>
  </datafield>
  <datafield tag="925" ind1="0" ind2=" ">
    <subfield code="a">acquire</subfield>
    <subfield code="b">1 shelf copy</subfield>
    <subfield code="x">policy default</subfield>
  </datafield>
  <datafield tag="955" ind1=" " ind2=" ">
    <subfield code="b">rk07 2018-12-18 z-processor</subfield>
    <subfield code="i">rk07 2019-01-11 to BCCD</subfield>
  </datafield>
  <datafield tag="010" ind1=" " ind2=" ">
    <subfield code="a">  2015959420</subfield>
  </datafield>
  <datafield tag="020" ind1=" " ind2=" ">
    <subfield code="a">0829444114</subfield>
  </datafield>
  <datafield tag="020" ind1=" " ind2=" ">
    <subfield code="a">9780829444117</subfield>
  </datafield>
  <datafield tag="035" ind1=" " ind2=" ">
    <subfield code="a">(OCoLC)ocn918285672</subfield>
  </datafield>
  <datafield tag="040" ind1=" " ind2=" ">
    <subfield code="a">YDXCP</subfield>
    <subfield code="b">eng</subfield>
    <subfield code="c">YDXCP</subfield>
    <subfield code="e">rda</subfield>
    <subfield code="d">BTCTA</subfield>
    <subfield code="d">BDX</subfield>
    <subfield code="d">OCLCQ</subfield>
    <subfield code="d">OEM</subfield>
    <subfield code="d">TDS</subfield>
    <subfield code="d">OCL</subfield>
    <subfield code="d">IQU</subfield>
    <subfield code="d">OCL</subfield>
    <subfield code="d">DLC</subfield>
  </datafield>
  <datafield tag="043" ind1=" " ind2=" ">
    <subfield code="a">e-sp---</subfield>
  </datafield>
  <datafield tag="050" ind1="0" ind2="0">
    <subfield code="a">BX2321.S3</subfield>
    <subfield code="b">M36 2016</subfield>
  </datafield>
  <datafield tag="100" ind1="1" ind2=" ">
    <subfield code="a">McManus, Brendan,</subfield>
    <subfield code="e">author.</subfield>
  </datafield>
  <datafield tag="245" ind1="1" ind2="0">
    <subfield code="a">Redemption road :</subfield>
    <subfield code="b">from grief to peace through walking the Camino de Santiago /</subfield>
    <subfield code="c">Brendan McManus.</subfield>
  </datafield>
  <datafield tag="264" ind1=" " ind2="1">
    <subfield code="a">Chicago :</subfield>
    <subfield code="b">Loyola Press,</subfield>
    <subfield code="c">[2016].</subfield>
  </datafield>
  <datafield tag="264" ind1=" " ind2="4">
    <subfield code="c">©2016</subfield>
  </datafield>
  <datafield tag="300" ind1=" " ind2=" ">
    <subfield code="a">xiv, 194 pages :</subfield>
    <subfield code="b">illustrations (chiefly color), map ;</subfield>
    <subfield code="c">22 cm</subfield>
  </datafield>
  <datafield tag="336" ind1=" " ind2=" ">
    <subfield code="a">text</subfield>
    <subfield code="b">txt</subfield>
    <subfield code="2">rdacontent</subfield>
  </datafield>
  <datafield tag="337" ind1=" " ind2=" ">
    <subfield code="a">unmediated</subfield>
    <subfield code="b">n</subfield>
    <subfield code="2">rdamedia</subfield>
  </datafield>
  <datafield tag="338" ind1=" " ind2=" ">
    <subfield code="a">volume</subfield>
    <subfield code="b">nc</subfield>
    <subfield code="2">rdacarrier</subfield>
  </datafield>
  <datafield tag="520" ind1=" " ind2=" ">
    <subfield code="a">&quot;Sometimes the best cure for a wounded soul is a really long walk... One June morning, Fr. Brendan McManus stepped out for a much-needed walk--to be exact, a 500-mile hike on Spain&apos;s renowned Camino de Santiago. A few years earlier, his brother had committed suicide, and the tragedy left Brendan physically, psychologically, and spiritually wounded. Something radical was required to rekindle his passion for life and renew his faith in God. Redemption Road is the story of a broken man putting one foot in front of the other as he attempts to let go of the anger, guilt, and sorrow that have been weighing him down. But the road to healing is fraught with peril: steep hills and intense heat, wrong turns and blistered feet. Worst still, a nagging leg injury could thwart Brendan&apos;s ultimate goal of reaching the Camino&apos;s end and honoring his brother in a symbolic act at the Cathedral of Santiago de Compostela. Constantly tempted to quit his quest, Brendan relies on the principles of Ignatian spirituality to guide him on his journey from desolation to consolation.&quot; -- Page [4] cover.</subfield>
  </datafield>
  <datafield tag="600" ind1="1" ind2="0">
    <subfield code="a">McManus, Brendan.</subfield>
  </datafield>
  <datafield tag="651" ind1=" " ind2="0">
    <subfield code="a">Camino de Santiago de Compostela.</subfield>
  </datafield>
  <datafield tag="650" ind1=" " ind2="0">
    <subfield code="a">Grief.</subfield>
  </datafield>
  <datafield tag="650" ind1=" " ind2="0">
    <subfield code="a">Bereavement.</subfield>
  </datafield>
  <datafield tag="650" ind1=" " ind2="0">
    <subfield code="a">Redemption.</subfield>
  </datafield>
  <datafield tag="650" ind1=" " ind2="0">
    <subfield code="a">Christian pilgrims and pilgrimages</subfield>
    <subfield code="z">Spain</subfield>
    <subfield code="z">Santiago de Compostela.</subfield>
  </datafield>
  <datafield tag="650" ind1=" " ind2="7">
    <subfield code="a">Redemption.</subfield>
    <subfield code="2">fast</subfield>
    <subfield code="0">(OCoLC)fst01092243</subfield>
  </datafield>
  <datafield tag="650" ind1=" " ind2="7">
    <subfield code="a">Grief.</subfield>
    <subfield code="2">fast</subfield>
    <subfield code="0">(OCoLC)fst00947883</subfield>
  </datafield>
  <datafield tag="650" ind1=" " ind2="7">
    <subfield code="a">Bereavement.</subfield>
    <subfield code="2">fast</subfield>
    <subfield code="0">(OCoLC)fst00830665</subfield>
  </datafield>
  <datafield tag="650" ind1=" " ind2="7">
    <subfield code="a">Christian pilgrims and pilgrimages.</subfield>
    <subfield code="2">fast</subfield>
    <subfield code="0">(OCoLC)fst00859365</subfield>
  </datafield>
  <datafield tag="651" ind1=" " ind2="7">
    <subfield code="a">Camino de Santiago de Compostela.</subfield>
    <subfield code="2">fast</subfield>
    <subfield code="0">(OCoLC)fst01919561</subfield>
  </datafield>
  <datafield tag="651" ind1=" " ind2="7">
    <subfield code="a">Spain</subfield>
    <subfield code="z">Santiago de Compostela.</subfield>
    <subfield code="2">fast</subfield>
    <subfield code="0">(OCoLC)fst01205050</subfield>
  </datafield>
</record>