
<record>
  <leader>05437cam a22003497i 4500</leader>
  <controlfield tag="001">18886243</controlfield>
  <controlfield tag="005">20200103150537.0</controlfield>
  <controlfield tag="008">151207s2016    ncu      b    001 0 eng c</controlfield>
  <datafield tag="906" ind1=" " ind2=" ">
    <subfield code="a">7</subfield>
    <subfield code="b">cbc</subfield>
    <subfield code="c">orignew</subfield>
    <subfield code="d">1</subfield>
    <subfield code="e">ecip</subfield>
    <subfield code="f">20</subfield>
    <subfield code="g">y-gencatlg</subfield>
  </datafield>
  <datafield tag="925" ind1="0" ind2=" ">
    <subfield code="a">acquire</subfield>
    <subfield code="b">1 shelf copy</subfield>
    <subfield code="x">policy default</subfield>
  </datafield>
  <datafield tag="955" ind1=" " ind2=" ">
    <subfield code="a">IEN</subfield>
    <subfield code="a">xn12 2016-07-15 1 copy rec&apos;d., to CIP ver.</subfield>
    <subfield code="f">rm06 2016-07-21 to BCCD</subfield>
  </datafield>
  <datafield tag="010" ind1=" " ind2=" ">
    <subfield code="a">  2015048072</subfield>
  </datafield>
  <datafield tag="020" ind1=" " ind2=" ">
    <subfield code="a">9781611637465 (alk. paper)</subfield>
  </datafield>
  <datafield tag="040" ind1=" " ind2=" ">
    <subfield code="a">IEN/DLC</subfield>
    <subfield code="b">eng</subfield>
    <subfield code="c">IEN</subfield>
    <subfield code="e">rda</subfield>
    <subfield code="d">DLC</subfield>
  </datafield>
  <datafield tag="043" ind1=" " ind2=" ">
    <subfield code="a">f------</subfield>
  </datafield>
  <datafield tag="050" ind1="0" ind2="0">
    <subfield code="a">HV9960.A35</subfield>
    <subfield code="b">A44 2016</subfield>
  </datafield>
  <datafield tag="082" ind1="0" ind2="4">
    <subfield code="a">364.96</subfield>
    <subfield code="2">23</subfield>
  </datafield>
  <datafield tag="100" ind1="1" ind2=" ">
    <subfield code="a">Akeredolu, Olusina,</subfield>
    <subfield code="e">author.</subfield>
  </datafield>
  <datafield tag="245" ind1="1" ind2="4">
    <subfield code="a">The indigenous African criminal justice system for the modern world /</subfield>
    <subfield code="c">Olusina Akeredolu.</subfield>
  </datafield>
  <datafield tag="264" ind1=" " ind2="1">
    <subfield code="a">Durham, North Carolina :</subfield>
    <subfield code="b">Carolina Academic Press,</subfield>
    <subfield code="c">2016.</subfield>
  </datafield>
  <datafield tag="300" ind1=" " ind2=" ">
    <subfield code="a">xxvi, 292 pages ;</subfield>
    <subfield code="c">26 cm</subfield>
  </datafield>
  <datafield tag="336" ind1=" " ind2=" ">
    <subfield code="a">text</subfield>
    <subfield code="2">rdacontent</subfield>
  </datafield>
  <datafield tag="337" ind1=" " ind2=" ">
    <subfield code="a">unmediated</subfield>
    <subfield code="2">rdamedia</subfield>
  </datafield>
  <datafield tag="338" ind1=" " ind2=" ">
    <subfield code="a">volume</subfield>
    <subfield code="2">rdacarrier</subfield>
  </datafield>
  <datafield tag="490" ind1="1" ind2=" ">
    <subfield code="a">African World Series</subfield>
  </datafield>
  <datafield tag="504" ind1=" " ind2=" ">
    <subfield code="a">Includes bibliographical references and index.</subfield>
  </datafield>
  <datafield tag="505" ind1="0" ind2=" ">
    <subfield code="a">Chapter 1: The indigenous African system of criminal justice -- What is criminal justice? -- Description of the indigenous African criminal justice system -- Relationship between indigenous African religions and indigenous African justice system -- Effectiveness of traditional African criminal justice system -- Kings or community head as adjudicators -- Indigenous African courtroom, procedure, punishment, enforcement and records -- Between restorative justice approach and indigenous African justice system -- Merits of restorative justice approach -- Demerits of restorative justice approach -- Swaziland (the Swazi of South Africa) -- Umhlanga (the reed dance) festival -- Concept of human rights -- Chapter 2: Land tenure under the indigenous African justice system -- Dwelling arrangements among African community landowners -- Traditional settlement of land dispute -- Chapter 3: Criminal justice and marriage in Africa -- Customary marriage -- Introduction of formal customary court to Nigeria -- Islamic marriage -- Civil marriage -- The offence of bigamy -- Bigamy versus African tradition -- Inheritance -- Chapter 4: Criminal justice and Islam in Africa -- Resemblance of some Sunna rules and English legal rules -- Introduction of Sharia to some states in Nigeria -- Chapter 5: Criminal justice and Old-Testament Christianity in Africa -- DNA, new evidence, res judicata, issue estoppel, and functus officio -- Principle of non-finality of judgment -- Exoneration through DNA result several years after sentence -- Chapter 6: Criminal justice and New-Testament Christianity in Africa -- Punishment and pardon under modern Christian doctrine and formal legal tradition -- Religion and social justice -- Between foreign and African religions -- African religion, tradition and justice -- Christianity and the rate of crime -- Chapter 7: Criminal justice and colonial rule -- Types of criminal justice administered by colonial masters -- Territories annexed by the colonial masters -- Criminal justice in British colonies in Africa -- Criminal justice in French colonies in Africa -- Criminal justice in Morocco -- Revision of Moroccan criminal procedure law -- Criminal justice in Portuguese African colonies -- Mozambique -- Colonial and post-colonial African discriminatory traditions against women -- Women&apos;s cleansing in Malawi -- Breast ironing in Cameroon -- Women&apos;s right of inheritance in Botswana -- Chapter 8: Criminal justice in apartheid South Africa -- Nelson Mandela -- The Rivonia trial -- Steve Bantu Biko -- Chapter 9: Criminal justice and military authorities in Africa -- The rule of law -- Human right activism under military government in Nigeria -- Military regimes and the press in Nigeria -- Attempts at private criminal prosecution -- Chapter 10: Criminal justice and the labor movement in Africa -- Labor unionists&apos; persecution in South Africa -- Labor unionism, pro-democracy activists and political overlords -- Chapter 11: Criminal justice under African sit-tight leaders -- Ethnic self determination under civilian and military regimes -- Ethnic security and self defence with its consequencies -- The court, the people&apos;s struggle, and military dictatorship -- Chapter 12: Prisons in African countries: issues and reforms -- Physical outlook of prison facilities -- Location of prison facilities -- Decentralization of management structure of centralized prisons -- Undue delay in criminal trial -- Inadequate personnel, facilities, tools, and infrastructure -- Women and children in prison -- Health care services -- Prison alternative programs -- Rehabilitation and re-entry -- Pro bono services -- Victims of crime -- African countries with capital and or imprisonment as maximum form of punishment -- Chapter 13: Regular courts in Nigeria -- The Supreme Court, Court of Appeal, High Court, etc -- The state courts recognized by the Constitution -- Criminal justice and people&apos;s courts in Nigeria -- Advantages of the people&apos;s courts -- Disadvantages of the people&apos;s courts -- Chapter 14: Funding bodies and organizations for justice and peace in Africa -- The United Nations -- Individual, family, corporate, national, and regional grantmakers to Africa.</subfield>
  </datafield>
  <datafield tag="650" ind1=" " ind2="0">
    <subfield code="a">Criminal justice, Administration of</subfield>
    <subfield code="z">Africa.</subfield>
  </datafield>
  <datafield tag="650" ind1=" " ind2="0">
    <subfield code="a">Customary law</subfield>
    <subfield code="z">Africa.</subfield>
  </datafield>
  <datafield tag="650" ind1=" " ind2="0">
    <subfield code="a">Religion and justice.</subfield>
  </datafield>
  <datafield tag="650" ind1=" " ind2="0">
    <subfield code="a">Religion and law</subfield>
    <subfield code="z">Africa.</subfield>
  </datafield>
  <datafield tag="985" ind1=" " ind2=" ">
    <subfield code="a">IENCIP</subfield>
    <subfield code="d">2015-12-07</subfield>
  </datafield>
</record>