
<record>
  <leader>02736cam a2200457 i 4500</leader>
  <controlfield tag="001">18887147</controlfield>
  <controlfield tag="005">20200103115644.0</controlfield>
  <controlfield tag="008">151208t20152015ai       b    001 0 rus  </controlfield>
  <datafield tag="906" ind1=" " ind2=" ">
    <subfield code="a">0</subfield>
    <subfield code="b">ibc</subfield>
    <subfield code="c">origres</subfield>
    <subfield code="d">2</subfield>
    <subfield code="e">ncip</subfield>
    <subfield code="f">20</subfield>
    <subfield code="g">y-gencatlg</subfield>
  </datafield>
  <datafield tag="925" ind1="0" ind2=" ">
    <subfield code="a">Acquire</subfield>
    <subfield code="b">1 shelf copy</subfield>
    <subfield code="x">policy default</subfield>
  </datafield>
  <datafield tag="955" ind1=" " ind2=" ">
    <subfield code="b">cd16 2015-12-08</subfield>
    <subfield code="a">cd00 2015-12-08 to ASME/IJ</subfield>
    <subfield code="b">cd24 2020-01-03 z-processor JACKPHY</subfield>
    <subfield code="a">cd24 2020-01-03</subfield>
    <subfield code="i">cd24 2020-01-03</subfield>
  </datafield>
  <datafield tag="010" ind1=" " ind2=" ">
    <subfield code="a">  2015492530</subfield>
  </datafield>
  <datafield tag="020" ind1=" " ind2=" ">
    <subfield code="z">9789994128060</subfield>
  </datafield>
  <datafield tag="040" ind1=" " ind2=" ">
    <subfield code="a">DLC</subfield>
    <subfield code="b">eng</subfield>
    <subfield code="c">DLC</subfield>
    <subfield code="e">rda</subfield>
  </datafield>
  <datafield tag="041" ind1="0" ind2=" ">
    <subfield code="a">rus</subfield>
    <subfield code="a">arm</subfield>
  </datafield>
  <datafield tag="042" ind1=" " ind2=" ">
    <subfield code="a">pcc</subfield>
  </datafield>
  <datafield tag="043" ind1=" " ind2=" ">
    <subfield code="a">a-ai---</subfield>
    <subfield code="a">aw-----</subfield>
  </datafield>
  <datafield tag="050" ind1="0" ind2="0">
    <subfield code="a">PK8515</subfield>
    <subfield code="b">.T48 2015</subfield>
  </datafield>
  <datafield tag="066" ind1=" " ind2=" ">
    <subfield code="a">(N</subfield>
  </datafield>
  <datafield tag="100" ind1="1" ind2=" ">
    <subfield code="a">Ter-Pétrossian, Lévon,</subfield>
    <subfield code="e">author.</subfield>
  </datafield>
  <datafield tag="245" ind1="1" ind2="0">
    <subfield code="6">880-01</subfield>
    <subfield code="a">Siro-armi︠a︡nskie literaturnye svi︠a︡zi v IV-V vv. :</subfield>
    <subfield code="b">materialy zashchity doktorskoĭ dissertat︠s︡ii /</subfield>
    <subfield code="c">Levon Ter-Petrosi︠a︡n ; sostavitelʹ Avetis Avaki︠a︡n = Hay-asorakan grakan kaperě IV-V dd. : doktorakan atenakhosutʻyan pashtpanutʻyan nyutʻer / Lewon Ter-Petrosyan.</subfield>
  </datafield>
  <datafield tag="880" ind1="1" ind2="0">
    <subfield code="6">245-01/(N</subfield>
    <subfield code="a">Сиро-армянские литературные связи в IV-V вв. :</subfield>
    <subfield code="b">материалы защиты докторской диссертации /</subfield>
    <subfield code="c">Левон Тер-Петросян ; составитель Аветис Авакян = Hay-asorakan grakan kaperě IV-V dd. : doktorakan atenakhosutʻyan pashtpanutʻyan nyutʻer / Lewon Ter-Petrosyan.</subfield>
  </datafield>
  <datafield tag="246" ind1="1" ind2="5">
    <subfield code="a">Hay-asorakan grakan kaperě IV-V dd. :</subfield>
    <subfield code="b">doktorakan atenakhosutʻyan pashtpanutʻyan nyutʻer</subfield>
  </datafield>
  <datafield tag="250" ind1=" " ind2=" ">
    <subfield code="6">880-02</subfield>
    <subfield code="a">Sovmestnoe izdanie</subfield>
  </datafield>
  <datafield tag="880" ind1=" " ind2=" ">
    <subfield code="6">250-02/(N</subfield>
    <subfield code="a">Совместное издание</subfield>
  </datafield>
  <datafield tag="264" ind1=" " ind2="1">
    <subfield code="6">880-03</subfield>
    <subfield code="a">Sankt-Peterburg :</subfield>
    <subfield code="b">&quot;IMA-print&quot; ;</subfield>
    <subfield code="a">Erevan :</subfield>
    <subfield code="b">&quot;Antares&quot;,</subfield>
    <subfield code="c">2015.</subfield>
  </datafield>
  <datafield tag="880" ind1=" " ind2="1">
    <subfield code="6">264-03/(N</subfield>
    <subfield code="a">Санкт-Петербург :</subfield>
    <subfield code="b">&quot;ИМА-принт&quot; ;</subfield>
    <subfield code="a">Ереван :</subfield>
    <subfield code="b">&quot;Антарес&quot;,</subfield>
    <subfield code="c">2015.</subfield>
  </datafield>
  <datafield tag="264" ind1=" " ind2="4">
    <subfield code="c">© 2015</subfield>
  </datafield>
  <datafield tag="300" ind1=" " ind2=" ">
    <subfield code="a">200 pages ;</subfield>
    <subfield code="c">24 cm</subfield>
  </datafield>
  <datafield tag="336" ind1=" " ind2=" ">
    <subfield code="a">text</subfield>
    <subfield code="b">txt</subfield>
    <subfield code="2">rdacontent</subfield>
  </datafield>
  <datafield tag="337" ind1=" " ind2=" ">
    <subfield code="a">unmediated</subfield>
    <subfield code="b">n</subfield>
    <subfield code="2">rdamedia</subfield>
  </datafield>
  <datafield tag="338" ind1=" " ind2=" ">
    <subfield code="a">volume</subfield>
    <subfield code="b">nc</subfield>
    <subfield code="2">rdacarrier</subfield>
  </datafield>
  <datafield tag="546" ind1=" " ind2=" ">
    <subfield code="a">In Russian; some text in Armenian.</subfield>
  </datafield>
  <datafield tag="500" ind1=" " ind2=" ">
    <subfield code="6">880-04</subfield>
    <subfield code="a">At head of title: Arkhiv pervogo prezidenta Respubliki Armenii︠a︡ = Hayastani Hanrapetutʻyan aṛajin nakhagahi arkhiv.</subfield>
  </datafield>
  <datafield tag="880" ind1=" " ind2=" ">
    <subfield code="6">500-04/(N ar</subfield>
    <subfield code="a">At head of title: Архив первого президента Республики Армения = Hayastani Hanrapetutʻyan aṛajin nakhagahi arkhiv.</subfield>
  </datafield>
  <datafield tag="504" ind1=" " ind2=" ">
    <subfield code="a">Includes bibliographical references (pages 175-188) and index.</subfield>
  </datafield>
  <datafield tag="650" ind1=" " ind2="0">
    <subfield code="a">Armenian literature</subfield>
    <subfield code="y">To 1800</subfield>
    <subfield code="x">History and criticism.</subfield>
  </datafield>
  <datafield tag="650" ind1=" " ind2="0">
    <subfield code="a">Syriac literature</subfield>
    <subfield code="x">History and criticism.</subfield>
  </datafield>
  <datafield tag="700" ind1="1" ind2=" ">
    <subfield code="a">Avaki︠a︡n, Avetis,</subfield>
    <subfield code="e">compiler.</subfield>
  </datafield>
  <datafield tag="710" ind1="2" ind2=" ">
    <subfield code="a">Hayastani Hanrapetutʻyan Aṛajin Nakhagahi Arkhiv,</subfield>
    <subfield code="e">issuing body.</subfield>
  </datafield>
  <datafield tag="923" ind1=" " ind2=" ">
    <subfield code="d">2015-10-30</subfield>
    <subfield code="n">2015700A</subfield>
    <subfield code="s">ATC Books</subfield>
  </datafield>
</record>