
<record>
  <leader>02592cam a2200337 i 4500</leader>
  <controlfield tag="001">18887291</controlfield>
  <controlfield tag="005">20200103135402.0</controlfield>
  <controlfield tag="008">151208s2014    ai af    b    000 0drus d</controlfield>
  <datafield tag="906" ind1=" " ind2=" ">
    <subfield code="a">0</subfield>
    <subfield code="b">ibc</subfield>
    <subfield code="c">copycat</subfield>
    <subfield code="d">2</subfield>
    <subfield code="e">ncip</subfield>
    <subfield code="f">20</subfield>
    <subfield code="g">y-gencatlg</subfield>
  </datafield>
  <datafield tag="925" ind1="0" ind2=" ">
    <subfield code="a">Acquire</subfield>
    <subfield code="b">1 shelf copy</subfield>
    <subfield code="x">policy default</subfield>
  </datafield>
  <datafield tag="955" ind1=" " ind2=" ">
    <subfield code="b">cd16 2015-12-08</subfield>
    <subfield code="a">cd00 2015-12-08 to ASME/IJ</subfield>
    <subfield code="b">cd24 2020-01-03 z-processor JACKPHY</subfield>
    <subfield code="a">cd24 2020-01-03</subfield>
    <subfield code="i">cd24 2020-01-03</subfield>
  </datafield>
  <datafield tag="010" ind1=" " ind2=" ">
    <subfield code="a">  2015492520</subfield>
  </datafield>
  <datafield tag="020" ind1=" " ind2=" ">
    <subfield code="a">9785540023504</subfield>
  </datafield>
  <datafield tag="035" ind1=" " ind2=" ">
    <subfield code="a">(OCoLC)ocn945983857</subfield>
  </datafield>
  <datafield tag="040" ind1=" " ind2=" ">
    <subfield code="a">PIT</subfield>
    <subfield code="b">eng</subfield>
    <subfield code="c">PIT</subfield>
    <subfield code="e">rda</subfield>
    <subfield code="d">JPG</subfield>
    <subfield code="d">OCLCF</subfield>
    <subfield code="d">ORU</subfield>
    <subfield code="d">DLC</subfield>
  </datafield>
  <datafield tag="042" ind1=" " ind2=" ">
    <subfield code="a">lccopycat</subfield>
  </datafield>
  <datafield tag="050" ind1="0" ind2="0">
    <subfield code="a">ND992.63.A84</subfield>
    <subfield code="b">K87 2014</subfield>
  </datafield>
  <datafield tag="100" ind1="1" ind2=" ">
    <subfield code="a">Kurt︠s︡ens, I.,</subfield>
    <subfield code="e">author.</subfield>
  </datafield>
  <datafield tag="245" ind1="1" ind2="0">
    <subfield code="6">880-02</subfield>
    <subfield code="a">Minas Avetisi︠a︡n :</subfield>
    <subfield code="b">zhivopisʹ i risunok (k voprosu o formakh assot︠s︡iativno-simvolicheskoĭ obraznosti v armi︠a︡nskoĭ zhivopisi 1960-1970-kh godov) /</subfield>
    <subfield code="c">Inguna Kurt︠s︡ens = Minas Avetisyan : geghankar ev gtsankar (zugordakan-khorhrdapashtakan patkeraynutʻyan dzeveri hartsʻě 1960-1970-akan tʻtʻ. hay geghankarchʻutʻyan mej) / Inguna Kurtsʻens.</subfield>
  </datafield>
  <datafield tag="880" ind1="1" ind2="0">
    <subfield code="6">245-02</subfield>
    <subfield code="a">Минас Аветисян :</subfield>
    <subfield code="b">живопись и рисунок (к вопросу о формах ассоциативно-символической образности в армянской живописи 1960-1970-х годов) /</subfield>
    <subfield code="c">Ингуна Курценс = Մինաս Ավետիսյան : գեղանկար եվ գծանկար (զուգորդական-խորհրդապաշտական պատկերայնության ձևերի հարցը 1960-1970-ական թթ. հայ գեղանկարչության մեջ) / Ինգունա Կուրցենս.</subfield>
  </datafield>
  <datafield tag="246" ind1="3" ind2="1">
    <subfield code="6">880-03</subfield>
    <subfield code="a">Minas Avetisyan :</subfield>
    <subfield code="b">geghankar ev gtsankar (zugordakan-khorhrdapashtakan patkeraynutʻyan dzeveri hartsʻě 1960-1970-akan tʻtʻ. hay geghankarchʻutʻyan mej)</subfield>
  </datafield>
  <datafield tag="880" ind1="3" ind2="1">
    <subfield code="6">246-03</subfield>
    <subfield code="a">Մինաս Ավետիսյան :</subfield>
    <subfield code="b">գեղանկար եվ գծանկար (զուգորդական-խորհրդապաշտական պատկերայնության ձևերի հարցը 1960-1970-ական թթ. հայ գեղանկարչության մեջ)</subfield>
  </datafield>
  <datafield tag="264" ind1=" " ind2="1">
    <subfield code="a">Erevan :</subfield>
    <subfield code="b">Hayastan hratarakchʻutʻyun,</subfield>
    <subfield code="c">2014.</subfield>
  </datafield>
  <datafield tag="300" ind1=" " ind2=" ">
    <subfield code="a">111 pages, 8 pages of unnumbered plates :</subfield>
    <subfield code="b">illustrations (chiefly color) ;</subfield>
    <subfield code="c">21 cm</subfield>
  </datafield>
  <datafield tag="336" ind1=" " ind2=" ">
    <subfield code="a">text</subfield>
    <subfield code="b">txt</subfield>
    <subfield code="2">rdacontent</subfield>
  </datafield>
  <datafield tag="337" ind1=" " ind2=" ">
    <subfield code="a">unmediated</subfield>
    <subfield code="b">n</subfield>
    <subfield code="2">rdamedia</subfield>
  </datafield>
  <datafield tag="338" ind1=" " ind2=" ">
    <subfield code="a">volume</subfield>
    <subfield code="b">nc</subfield>
    <subfield code="2">rdacarrier</subfield>
  </datafield>
  <datafield tag="504" ind1=" " ind2=" ">
    <subfield code="a">Includes bibliographical references (pages 105-111).</subfield>
  </datafield>
  <datafield tag="600" ind1="1" ind2="0">
    <subfield code="a">Avetisi︠a︡n, Minas,</subfield>
    <subfield code="d">1928-1975</subfield>
    <subfield code="x">Criticism and interpretation.</subfield>
  </datafield>
  <datafield tag="650" ind1=" " ind2="0">
    <subfield code="a">Painting, Armenian</subfield>
    <subfield code="y">20th century.</subfield>
  </datafield>
  <datafield tag="923" ind1=" " ind2=" ">
    <subfield code="d">2015-10-30</subfield>
    <subfield code="n">2015698A</subfield>
    <subfield code="s">ATC Books</subfield>
  </datafield>
</record>