
<record>
  <leader>06028cam a22005537i 4500</leader>
  <controlfield tag="001">18887687</controlfield>
  <controlfield tag="005">20200103150537.0</controlfield>
  <controlfield tag="008">151208t20162016nyua     b    001 0 eng c</controlfield>
  <datafield tag="906" ind1=" " ind2=" ">
    <subfield code="a">7</subfield>
    <subfield code="b">cbc</subfield>
    <subfield code="c">pccadap</subfield>
    <subfield code="d">2</subfield>
    <subfield code="e">epcn</subfield>
    <subfield code="f">20</subfield>
    <subfield code="g">y-gencatlg</subfield>
  </datafield>
  <datafield tag="925" ind1="0" ind2=" ">
    <subfield code="a">acquire</subfield>
    <subfield code="b">1 shelf copy</subfield>
    <subfield code="x">policy default</subfield>
  </datafield>
  <datafield tag="955" ind1=" " ind2=" ">
    <subfield code="b">rk11 2019-03-13 z-processor</subfield>
    <subfield code="i">rk11 2019-03-13 to CALM</subfield>
  </datafield>
  <datafield tag="955" ind1=" " ind2=" ">
    <subfield code="a">pc17 2015-12-08</subfield>
    <subfield code="a">xn08 2017-03-28 1 copy rec&apos;d., to USASH</subfield>
  </datafield>
  <datafield tag="010" ind1=" " ind2=" ">
    <subfield code="a">  2015959507</subfield>
  </datafield>
  <datafield tag="015" ind1=" " ind2=" ">
    <subfield code="a">GBB6A3547</subfield>
    <subfield code="2">bnb</subfield>
  </datafield>
  <datafield tag="016" ind1="7" ind2=" ">
    <subfield code="a">017953435</subfield>
    <subfield code="2">Uk</subfield>
  </datafield>
  <datafield tag="020" ind1=" " ind2=" ">
    <subfield code="a">9780500239452</subfield>
  </datafield>
  <datafield tag="020" ind1=" " ind2=" ">
    <subfield code="a">0500239452</subfield>
  </datafield>
  <datafield tag="035" ind1=" " ind2=" ">
    <subfield code="a">(OCoLC)ocn958378003</subfield>
  </datafield>
  <datafield tag="037" ind1=" " ind2=" ">
    <subfield code="a">173985</subfield>
    <subfield code="b">Worldwide Books</subfield>
  </datafield>
  <datafield tag="040" ind1=" " ind2=" ">
    <subfield code="a">ERASA</subfield>
    <subfield code="b">eng</subfield>
    <subfield code="c">ERASA</subfield>
    <subfield code="e">rda</subfield>
    <subfield code="d">OCLCQ</subfield>
    <subfield code="d">YDX</subfield>
    <subfield code="d">OCLCO</subfield>
    <subfield code="d">NDD</subfield>
    <subfield code="d">CHVBK</subfield>
    <subfield code="d">UAB</subfield>
    <subfield code="d">OCLCF</subfield>
    <subfield code="d">NYP</subfield>
    <subfield code="d">NKM</subfield>
    <subfield code="d">OCL</subfield>
    <subfield code="d">CDN</subfield>
    <subfield code="d">VP@</subfield>
    <subfield code="d">JTH</subfield>
    <subfield code="d">NGA</subfield>
    <subfield code="d">YDXCP</subfield>
    <subfield code="d">BTCTA</subfield>
    <subfield code="d">BDX</subfield>
    <subfield code="d">UIU</subfield>
    <subfield code="d">NZTPM</subfield>
    <subfield code="d">OCLCO</subfield>
    <subfield code="d">IGA</subfield>
    <subfield code="d">UKWOH</subfield>
    <subfield code="d">OMB</subfield>
    <subfield code="d">UBY</subfield>
    <subfield code="d">OCLCA</subfield>
    <subfield code="d">PAU</subfield>
    <subfield code="d">DHA</subfield>
    <subfield code="d">IAK</subfield>
    <subfield code="d">OCLCQ</subfield>
    <subfield code="d">BP1</subfield>
    <subfield code="d">OCLCQ</subfield>
    <subfield code="d">OCLCA</subfield>
    <subfield code="d">TYC</subfield>
    <subfield code="d">IOK</subfield>
    <subfield code="d">UKTTE</subfield>
    <subfield code="d">UKMGB</subfield>
    <subfield code="d">UKUOY</subfield>
    <subfield code="d">OCLCQ</subfield>
    <subfield code="d">DLC</subfield>
  </datafield>
  <datafield tag="041" ind1=" " ind2=" ">
    <subfield code="a">eng</subfield>
  </datafield>
  <datafield tag="050" ind1="0" ind2="0">
    <subfield code="a">ND196.F5</subfield>
    <subfield code="b">H96 2016</subfield>
  </datafield>
  <datafield tag="072" ind1=" " ind2="7">
    <subfield code="a">ART</subfield>
    <subfield code="2">eflch</subfield>
  </datafield>
  <datafield tag="072" ind1=" " ind2="7">
    <subfield code="a">ART</subfield>
    <subfield code="2">ukslc</subfield>
  </datafield>
  <datafield tag="080" ind1=" " ind2=" ">
    <subfield code="a">75.036&quot;19&quot; HYM</subfield>
  </datafield>
  <datafield tag="084" ind1=" " ind2=" ">
    <subfield code="a">757.0904</subfield>
    <subfield code="2">23</subfield>
  </datafield>
  <datafield tag="100" ind1="1" ind2=" ">
    <subfield code="a">Hyman, Timothy,</subfield>
    <subfield code="e">author.</subfield>
  </datafield>
  <datafield tag="245" ind1="1" ind2="4">
    <subfield code="a">The world new made :</subfield>
    <subfield code="b">figurative painting in the twentieth century /</subfield>
    <subfield code="c">Timothy Hyman.</subfield>
  </datafield>
  <datafield tag="264" ind1=" " ind2="1">
    <subfield code="a">New York, New York :</subfield>
    <subfield code="b">Thames &amp; Hudson,</subfield>
    <subfield code="c">2016.</subfield>
  </datafield>
  <datafield tag="264" ind1=" " ind2="4">
    <subfield code="c">©2016</subfield>
  </datafield>
  <datafield tag="300" ind1=" " ind2=" ">
    <subfield code="a">256 pages :</subfield>
    <subfield code="b">illustrations (chiefly color) ;</subfield>
    <subfield code="c">27 cm</subfield>
  </datafield>
  <datafield tag="336" ind1=" " ind2=" ">
    <subfield code="a">text</subfield>
    <subfield code="2">rdacontent</subfield>
  </datafield>
  <datafield tag="336" ind1=" " ind2=" ">
    <subfield code="a">still image</subfield>
    <subfield code="2">rdacontent</subfield>
  </datafield>
  <datafield tag="337" ind1=" " ind2=" ">
    <subfield code="a">unmediated</subfield>
    <subfield code="2">rdamedia</subfield>
  </datafield>
  <datafield tag="338" ind1=" " ind2=" ">
    <subfield code="a">volume</subfield>
    <subfield code="2">rdacarrier</subfield>
  </datafield>
  <datafield tag="504" ind1=" " ind2=" ">
    <subfield code="a">Includes bibliographical references (pages 244-247) and index.</subfield>
  </datafield>
  <datafield tag="505" ind1="0" ind2=" ">
    <subfield code="a">Introduction: Painting and experience in the twentieth century. Modernism as liberty ; Peopling the void : episodes from an alternative history ; 1. After Cubism : reinventing the language of representation. Chagall&apos;s Half past three (The poet) (1911) ; Matisse&apos;s View of Notre Dame (1914) ; Léger, Rousseau and the &apos;return to &quot;great subjects&apos;&quot; (1918-54) ; Classicism after Futurism : Carrà and Sironi (1921-22) ; Towards the Chagall of Dead souls (1920-25) ; Muralism part 1: Rivera&apos;s return to Mexico (1921-24) ; Muralism part 2: Benode Behari Mukherjee&apos;s The lives of the medieval Indian saints (1946-47) ; Marsden Hartley&apos;s &apos;Late courage&apos; (1938-40) ; Francis Bacon&apos;s Three studies for a crucifixion (1962) ; Paula Rego: The barn (1994) -- 2. After Expressionism : &apos;the new thingness&apos;. Not the how but the what : Otto Dix and the Neue Sachlichkeit generation (1917-32) ; &apos;A new sort of realism&apos; : the war and its aftermath in English painting : Stanley Spencer, Paul Nash, William Roberts, Edward Burra (1914-37) ; Early Balthus : a puppet master (1933-56) ; Edward Hopper&apos;s Nighthawks (1942) ; The libertarian line : Alice Neel and the modern portrait (1933-80) ; Lucian Freud&apos;s Interior at Paddington (1951) -- 3. First-person painting. Paula Modersohn-Becker : not &apos;that&apos;s me&apos; but &apos;this is&apos; (1900-7) ; Kirchner&apos;s &apos;hieroglyphic&apos; street scenes (1913-14) ; Pierre Bonnard : a new space for the self (1924-46) ; Soutine and instability (1919-22) ; Frida Kahlo : What the water gave me (1934-38) ; Stanley Spencer : the sacred self and the Church of me (1937-59) ; Charlotte Salomon&apos;s Life? Or theatre? (1940-42) ; Max Beckmann : epics of self-art in Amsterdam (1937-46) ; Edvard Munch : Between clock and bed (1940-43) -- 4. Beyond the formalist canon : visionaries, dreamers, outsiders. Alfred Kubin&apos;s Other side (1900-1930) ; Image against the word : Rabindranath Tagore as a painter (1928-40) ; Jack Yeats : towards &apos;The half-dreaming state&apos; (1932-55) ; Henry Darger and The realms of the unreal (1937-73) ; Jacob Lawrence : The migration of the Negro (1940-41) ; Ken Kiff and The sequence (1971-90) -- 5. After Abstract Expressionism : towards a new history painting. R. B. Kitaj : avatar of Ezra (1960-76) ; David Hockney&apos;s The second marriage (1963) ; Alex Katz : the early cut-outs and their milieu (1959-62) ; Red Grooms and the sculpto-pictorama (1962-76) ; Georg Baselitz : Big night down the drain (1962-63) ; Philip Guston&apos;s renewal-by-drawing (1965-67) ; &apos;To bring back the lost reality of the world&apos; : Bhupen Khakhar and Indian experience (1975-87) ; Anselm Kiefer : Operation sea lion (1975-84) ; Ida Applebroog&apos;s Polyptychs (1986-89) ; William Kentridge&apos;s Felix narratives (1989-2003) ; Neo Rauch and Leipzig figuration (1999-2005) ; Leon Golub&apos;s final paintings (1999-2002) -- Epilogue: Continuous narratives.</subfield>
  </datafield>
  <datafield tag="520" ind1="8" ind2=" ">
    <subfield code="a">Timothy Hyman argues that figuration never went away; abstraction was just one of the ways by which artists renewed pictorial language. This book is structured not as a general survey, but as an in-depth exploration of over 130 specific paintings, and accompanying artists&apos; writings. Focusing on those painters who took a contrary path, he presents a case for these artists as a resistance of sorts. Starting with the oppressive stylistic imperative that set in as Cubism became a movement, he guides us through the Neue Sachlichkeit response to Expressionism, Intimism, &apos;outsiders&apos; and the aftermath of Abstract Expressionism, towards a new kind of history painting. He shows how abstraction becomes a midwife to a new kind of figuration. A celebration of the richness of human-centred painting over the last century, Timothy Hyman&apos;s lavishly illustrated new book brings these often-marginalized artists centre stage. Together they offer a counter-argument to Western formalism, and a foundation for the figurative painters of the 21st century.</subfield>
  </datafield>
  <datafield tag="650" ind1=" " ind2="0">
    <subfield code="a">Figurative painting</subfield>
    <subfield code="y">20th century.</subfield>
  </datafield>
  <datafield tag="650" ind1=" " ind2="0">
    <subfield code="a">Painting, Modern</subfield>
    <subfield code="y">20th century.</subfield>
  </datafield>
  <datafield tag="650" ind1=" " ind2="7">
    <subfield code="a">ART / Criticism &amp; Theory.</subfield>
    <subfield code="2">bisacsh</subfield>
  </datafield>
  <datafield tag="650" ind1=" " ind2="7">
    <subfield code="a">Art and Design.</subfield>
    <subfield code="2">eflch</subfield>
  </datafield>
  <datafield tag="650" ind1=" " ind2="7">
    <subfield code="a">Painting, Modern.</subfield>
    <subfield code="2">fast</subfield>
    <subfield code="0">(OCoLC)fst01050988</subfield>
  </datafield>
  <datafield tag="650" ind1=" " ind2="7">
    <subfield code="a">Figurative painting.</subfield>
    <subfield code="2">fast</subfield>
    <subfield code="0">(OCoLC)fst00924056</subfield>
  </datafield>
  <datafield tag="648" ind1=" " ind2="7">
    <subfield code="a">1900-1999</subfield>
    <subfield code="2">fast</subfield>
  </datafield>
  <datafield tag="650" ind1=" " ind2="7">
    <subfield code="a">Figurenmalerei</subfield>
    <subfield code="2">gnd</subfield>
  </datafield>
  <datafield tag="650" ind1=" " ind2="7">
    <subfield code="a">Malerei</subfield>
    <subfield code="2">gnd</subfield>
  </datafield>
  <datafield tag="650" ind1=" " ind2="7">
    <subfield code="a">Art and Design.</subfield>
    <subfield code="2">ukslc</subfield>
  </datafield>
  <datafield tag="856" ind1="4" ind2="2">
    <subfield code="z">Additional Information at Google Books</subfield>
    <subfield code="u">http://books.google.com/books?vid=isbn9780500239452</subfield>
  </datafield>
</record>