
<record>
  <leader>02479cam a22003377i 4500</leader>
  <controlfield tag="001">18893273</controlfield>
  <controlfield tag="005">20200103120908.0</controlfield>
  <controlfield tag="008">151202s2015    bo            000 e spa c</controlfield>
  <datafield tag="906" ind1=" " ind2=" ">
    <subfield code="a">7</subfield>
    <subfield code="b">cbc</subfield>
    <subfield code="c">pccadap</subfield>
    <subfield code="d">3</subfield>
    <subfield code="e">ncip</subfield>
    <subfield code="f">20</subfield>
    <subfield code="g">y-gencatlg</subfield>
  </datafield>
  <datafield tag="925" ind1="0" ind2=" ">
    <subfield code="a">acquire</subfield>
    <subfield code="b">1 shelf copy</subfield>
    <subfield code="x">policy default</subfield>
  </datafield>
  <datafield tag="955" ind1=" " ind2=" ">
    <subfield code="b">bf27 2016-02-05 to ALAWE/SA</subfield>
    <subfield code="b">bc12 2017-07-05 z-processor (telework) (overtime)</subfield>
    <subfield code="i">bc12 2017-07-10 (telework)</subfield>
    <subfield code="e">bc12 2017-07-11 to BCCD (ABAchecked &amp; Labeled)</subfield>
  </datafield>
  <datafield tag="010" ind1=" " ind2=" ">
    <subfield code="a">  2015521101</subfield>
  </datafield>
  <datafield tag="020" ind1=" " ind2=" ">
    <subfield code="a">9789997483362</subfield>
  </datafield>
  <datafield tag="020" ind1=" " ind2=" ">
    <subfield code="a">9997483367</subfield>
  </datafield>
  <datafield tag="035" ind1=" " ind2=" ">
    <subfield code="a">(OCoLC)ocn944902821</subfield>
  </datafield>
  <datafield tag="040" ind1=" " ind2=" ">
    <subfield code="a">NYP</subfield>
    <subfield code="b">eng</subfield>
    <subfield code="c">NYP</subfield>
    <subfield code="e">rda</subfield>
    <subfield code="d">STF</subfield>
    <subfield code="d">OCLCF</subfield>
    <subfield code="d">NOC</subfield>
    <subfield code="d">DLC</subfield>
  </datafield>
  <datafield tag="043" ind1=" " ind2=" ">
    <subfield code="a">s-bo---</subfield>
  </datafield>
  <datafield tag="050" ind1="0" ind2="0">
    <subfield code="a">F3310</subfield>
    <subfield code="b">.H67 2015</subfield>
  </datafield>
  <datafield tag="245" ind1="0" ind2="0">
    <subfield code="a">Hora boliviana :</subfield>
    <subfield code="b">historias del país presente /</subfield>
    <subfield code="c">selección y prólogo de Fernando Barrientos ; crónicas de Álex Ayala, Liliana Carrillo, Javier Badani, Roberto Navia, Rocio Lloret, Amaru Villanueva, Wilmer Urrelo, Santiago Espinoza, Nicolás Recoaro, Fadrique Iglesias, Ricardo Bajo, Alexis Argüello, Leonardo de la Torre, Cecilia Lanza.</subfield>
  </datafield>
  <datafield tag="250" ind1=" " ind2=" ">
    <subfield code="a">1a edición.</subfield>
  </datafield>
  <datafield tag="264" ind1=" " ind2="1">
    <subfield code="a">La Paz, Bolivia :</subfield>
    <subfield code="b">Editorial El Cuervo,</subfield>
    <subfield code="c">[2015]</subfield>
  </datafield>
  <datafield tag="300" ind1=" " ind2=" ">
    <subfield code="a">200 pages ;</subfield>
    <subfield code="c">21 cm.</subfield>
  </datafield>
  <datafield tag="336" ind1=" " ind2=" ">
    <subfield code="a">text</subfield>
    <subfield code="2">rdacontent</subfield>
  </datafield>
  <datafield tag="337" ind1=" " ind2=" ">
    <subfield code="a">unmediated</subfield>
    <subfield code="2">rdamedia</subfield>
  </datafield>
  <datafield tag="338" ind1=" " ind2=" ">
    <subfield code="a">volume</subfield>
    <subfield code="2">rdacarrier</subfield>
  </datafield>
  <datafield tag="505" ind1="0" ind2=" ">
    <subfield code="a">Prólogo: mentar la patria / Fernando Barrientos -- La arquitectura esquizofrénica / Álex Ayala Ugarte -- Chipaya, el refugio de los primeros hombres / Liliana Carrillo V. -- Cazafantasmas bolivianos: guías hacia el más allá / Javier Badani Ruiz -- Amarrados / Roberto Navia Gabriel -- La soledad de los padres de Brayan / Rocío Lloret Céspedes -- Constelación Sacaba / Amaru Villanueva Rance -- ¿Qué harían los pájaros en circunstancias similares? / Wilmer Urrelo Zárate -- Tu pirata no soy yo: réquiem en primera persona para una casera de películas / Santiago Espinoza A. -- Cholitas marinas / Nicolás G. Recoaro -- Aflilando los cuchillos del Carnicero de Lyon / Fadrique Iglesias -- Última vez que hablas de Viloco / Ricardo Bajo Herreras -- Barro seco en los zapatos de jueves y domingo / Alexis Argüello Sandoval -- Felix y Pamela / Leonardo de la Torre Ávila -- San Jailón: ¿a quién rezan los narcos bolivianos? / Cecilia Lanza Lobo.</subfield>
  </datafield>
  <datafield tag="651" ind1=" " ind2="0">
    <subfield code="a">Bolivia</subfield>
    <subfield code="x">Social life and customs</subfield>
    <subfield code="y">21st century.</subfield>
  </datafield>
  <datafield tag="700" ind1="1" ind2=" ">
    <subfield code="a">Barrientos, Fernando,</subfield>
    <subfield code="d">1977-</subfield>
    <subfield code="e">editor.</subfield>
  </datafield>
  <datafield tag="700" ind1="1" ind2=" ">
    <subfield code="a">Ayala, Álex,</subfield>
    <subfield code="d">1979-</subfield>
  </datafield>
  <datafield tag="923" ind1=" " ind2=" ">
    <subfield code="d">20150831</subfield>
    <subfield code="n">13005B2015</subfield>
    <subfield code="s">BO-CbLA</subfield>
  </datafield>
  <datafield tag="985" ind1=" " ind2=" ">
    <subfield code="e">VENDOR LOAD</subfield>
  </datafield>
</record>