
<record>
  <leader>01940cam a22003257i 4500</leader>
  <controlfield tag="001">18895929</controlfield>
  <controlfield tag="005">20200103150538.0</controlfield>
  <controlfield tag="008">151214s2016    nyu      b    001 0deng  </controlfield>
  <datafield tag="906" ind1=" " ind2=" ">
    <subfield code="a">7</subfield>
    <subfield code="b">cbc</subfield>
    <subfield code="c">orignew</subfield>
    <subfield code="d">1</subfield>
    <subfield code="e">ecip</subfield>
    <subfield code="f">20</subfield>
    <subfield code="g">y-gencatlg</subfield>
  </datafield>
  <datafield tag="925" ind1="0" ind2=" ">
    <subfield code="a">acquire</subfield>
    <subfield code="b">1 shelf copy</subfield>
    <subfield code="x">policy default</subfield>
  </datafield>
  <datafield tag="955" ind1=" " ind2=" ">
    <subfield code="b">cd06 2015-12-17</subfield>
    <subfield code="i">cd06 2015-12-17 telework to Dewey</subfield>
    <subfield code="w">xl04 2015-12-17 to cd00</subfield>
    <subfield code="a">xn08 2016-04-20 1 copy rec&apos;d., to CIP ver.</subfield>
    <subfield code="f">rk07 2016-04-25 to BCCD</subfield>
  </datafield>
  <datafield tag="010" ind1=" " ind2=" ">
    <subfield code="a">  2015048478</subfield>
  </datafield>
  <datafield tag="020" ind1=" " ind2=" ">
    <subfield code="a">9781107088108 (hardback : alk. paper)</subfield>
  </datafield>
  <datafield tag="040" ind1=" " ind2=" ">
    <subfield code="a">DLC</subfield>
    <subfield code="b">eng</subfield>
    <subfield code="c">DLC</subfield>
    <subfield code="e">rda</subfield>
    <subfield code="d">DLC</subfield>
  </datafield>
  <datafield tag="050" ind1="0" ind2="0">
    <subfield code="a">BM198.56.N38</subfield>
    <subfield code="b">I53 2016</subfield>
  </datafield>
  <datafield tag="082" ind1="0" ind2="0">
    <subfield code="a">296.8/32</subfield>
    <subfield code="2">23</subfield>
  </datafield>
  <datafield tag="100" ind1="1" ind2=" ">
    <subfield code="a">Inbari, Motti,</subfield>
    <subfield code="e">author.</subfield>
  </datafield>
  <datafield tag="245" ind1="1" ind2="0">
    <subfield code="a">Jewish radical ultra-orthodoxy confronts modernity, Zionism and women&apos;s equality /</subfield>
    <subfield code="c">Motti Inbari.</subfield>
  </datafield>
  <datafield tag="264" ind1=" " ind2="1">
    <subfield code="a">New York :</subfield>
    <subfield code="b">Cambridge University Press,</subfield>
    <subfield code="c">[2016]</subfield>
  </datafield>
  <datafield tag="300" ind1=" " ind2=" ">
    <subfield code="a">261 pages ;</subfield>
    <subfield code="c">23 cm</subfield>
  </datafield>
  <datafield tag="336" ind1=" " ind2=" ">
    <subfield code="a">text</subfield>
    <subfield code="2">rdacontent</subfield>
  </datafield>
  <datafield tag="337" ind1=" " ind2=" ">
    <subfield code="a">unmediated</subfield>
    <subfield code="2">rdamedia</subfield>
  </datafield>
  <datafield tag="338" ind1=" " ind2=" ">
    <subfield code="a">volume</subfield>
    <subfield code="2">rdacarrier</subfield>
  </datafield>
  <datafield tag="504" ind1=" " ind2=" ">
    <subfield code="a">Includes bibliographical references (pages 241-254) and index.</subfield>
  </datafield>
  <datafield tag="505" ind1="0" ind2=" ">
    <subfield code="a">1. The de Haan assassination and the background to the formation of Neturei Karta -- 2. Rabbi Amram Blau, founder of the Neturei Karta movement -- 3. The modesty campaigns of Rabbi Amram Blau and the Neturei Karta movement, 1938-1974 -- 4. Messianic activism in the work and thought of Rabbi Chaim Elazar Shapira (the Munkacser Rebbe) in the interwar period -- 5. The life and work of Rabbi Yoel Teitelbaum, founder of the Satmar hasidic court in New York -- 6. Eschatology, dualism, and the decline of the generations: the world view of radical ultra-orthodoxy -- 7. Jewish zealotry: past and present -- Epilogue: Contemporary trends in radical ultra-orthodoxy.</subfield>
  </datafield>
  <datafield tag="610" ind1="2" ind2="0">
    <subfield code="a">Naṭore ḳarta</subfield>
    <subfield code="x">History.</subfield>
  </datafield>
  <datafield tag="650" ind1=" " ind2="0">
    <subfield code="a">Ultra-Orthodox Jews</subfield>
    <subfield code="x">Cultural assimilation.</subfield>
  </datafield>
  <datafield tag="650" ind1=" " ind2="0">
    <subfield code="a">Orthodox Judaism</subfield>
    <subfield code="x">Relations</subfield>
    <subfield code="x">Nontraditional Jews.</subfield>
  </datafield>
  <datafield tag="650" ind1=" " ind2="0">
    <subfield code="a">Secularism.</subfield>
  </datafield>
  <datafield tag="650" ind1=" " ind2="0">
    <subfield code="a">Rabbis</subfield>
    <subfield code="v">Biography.</subfield>
  </datafield>
</record>