
<record>
  <leader>02410cam a22004817i 4500</leader>
  <controlfield tag="001">18907190</controlfield>
  <controlfield tag="005">20200103120910.0</controlfield>
  <controlfield tag="008">151216s2015    is            000 0 heb  </controlfield>
  <datafield tag="906" ind1=" " ind2=" ">
    <subfield code="a">7</subfield>
    <subfield code="b">cbc</subfield>
    <subfield code="c">origres</subfield>
    <subfield code="d">2</subfield>
    <subfield code="e">ncip</subfield>
    <subfield code="f">20</subfield>
    <subfield code="g">y-nonroman</subfield>
  </datafield>
  <datafield tag="925" ind1="0" ind2=" ">
    <subfield code="a">acquire</subfield>
    <subfield code="b">1 shelf copy</subfield>
    <subfield code="x">policy default</subfield>
  </datafield>
  <datafield tag="955" ind1=" " ind2=" ">
    <subfield code="b">cd01 2015-12-16 z-processor JACKPHY</subfield>
    <subfield code="a">cd00 2015-12-16 to ASME/IJ</subfield>
    <subfield code="i">cd04 2019-02-06 telework to cd01 for review;</subfield>
    <subfield code="r">cd01 2019-02-25 reviewed, returned to cd04</subfield>
    <subfield code="a">cd04 2019-02-26 corrections made</subfield>
    <subfield code="e">cd04 2019-02-26 to BCCD</subfield>
  </datafield>
  <datafield tag="010" ind1=" " ind2=" ">
    <subfield code="a">  2015492443</subfield>
  </datafield>
  <datafield tag="020" ind1=" " ind2=" ">
    <subfield code="a">9789657348390</subfield>
  </datafield>
  <datafield tag="020" ind1=" " ind2=" ">
    <subfield code="a">9657348390</subfield>
  </datafield>
  <datafield tag="040" ind1=" " ind2=" ">
    <subfield code="a">DLC</subfield>
    <subfield code="b">eng</subfield>
    <subfield code="e">rda</subfield>
    <subfield code="c">DLC</subfield>
  </datafield>
  <datafield tag="041" ind1="1" ind2=" ">
    <subfield code="a">heb</subfield>
    <subfield code="a">yid</subfield>
    <subfield code="h">yid</subfield>
  </datafield>
  <datafield tag="043" ind1=" " ind2=" ">
    <subfield code="a">a-is---</subfield>
  </datafield>
  <datafield tag="050" ind1="0" ind2="0">
    <subfield code="a">DS150.L4</subfield>
    <subfield code="b">G67154 2015</subfield>
  </datafield>
  <datafield tag="066" ind1=" " ind2=" ">
    <subfield code="c">(2</subfield>
  </datafield>
  <datafield tag="100" ind1="1" ind2=" ">
    <subfield code="6">880-01</subfield>
    <subfield code="a">Gorshman, Shire,</subfield>
    <subfield code="d">1906-2001,</subfield>
    <subfield code="e">author.</subfield>
  </datafield>
  <datafield tag="880" ind1="1" ind2=" ">
    <subfield code="6">100-01/(2/r‏</subfield>
    <subfield code="a">‏גורשמן, שירה,‏</subfield>
    <subfield code="d">‏1906-2001.</subfield>
  </datafield>
  <datafield tag="245" ind1="1" ind2="0">
    <subfield code="6">880-02</subfield>
    <subfield code="a">Be-ʻiḳvot Gedud ha-ʻavodah =</subfield>
    <subfield code="b">In di shpurn fun Gedud ha-ʻavodah = On the track of the &quot;Gdud Ha&apos;avodah&quot; /</subfield>
    <subfield code="c">Shirah Gorshman ; Ivrit, Dr. Leah Ayalon ; ʻarikhah Ivrit, Yoram Meltser.</subfield>
  </datafield>
  <datafield tag="880" ind1="1" ind2="0">
    <subfield code="6">245-02/(2/r‏</subfield>
    <subfield code="a">‏בעקבות גדוד העבודה =</subfield>
    <subfield code="b">אין די שפורן פון ״גדוד העבודה&apos;&apos; = On the track of the &quot;Gdud Ha&apos;avodah&quot; /‏</subfield>
    <subfield code="c">‏שירה גורשמן ; עברית ד&apos;&apos;ר לאה איילון ; עריכה עברית, יורם מלצר.</subfield>
  </datafield>
  <datafield tag="246" ind1="3" ind2="1">
    <subfield code="6">880-03</subfield>
    <subfield code="a">In di shpurn fun Gedud ha-ʻavodah</subfield>
  </datafield>
  <datafield tag="880" ind1="3" ind2="1">
    <subfield code="6">246-03/(2/r‏</subfield>
    <subfield code="a">אין די שפורן פון גדוד העבודה</subfield>
  </datafield>
  <datafield tag="246" ind1="3" ind2="1">
    <subfield code="a">On the track of the &quot;Gdud Ha&apos;avodah&quot;</subfield>
  </datafield>
  <datafield tag="264" ind1=" " ind2="1">
    <subfield code="6">880-04</subfield>
    <subfield code="a">Tel-Aviv :</subfield>
    <subfield code="b">Ḥ. Leyviḳ,</subfield>
    <subfield code="c">2015.</subfield>
  </datafield>
  <datafield tag="880" ind1=" " ind2="1">
    <subfield code="6">264-04/(2/r‏</subfield>
    <subfield code="a">‏תל-אביב :</subfield>
    <subfield code="b">ה. לייוויק,‏</subfield>
    <subfield code="c">‏‫2015‬.</subfield>
  </datafield>
  <datafield tag="300" ind1=" " ind2=" ">
    <subfield code="a">172 pages ;</subfield>
    <subfield code="c">21 cm</subfield>
  </datafield>
  <datafield tag="336" ind1=" " ind2=" ">
    <subfield code="a">text</subfield>
    <subfield code="b">txt</subfield>
    <subfield code="2">rdacontent</subfield>
  </datafield>
  <datafield tag="337" ind1=" " ind2=" ">
    <subfield code="a">unmediated</subfield>
    <subfield code="b">n</subfield>
    <subfield code="2">rdamedia</subfield>
  </datafield>
  <datafield tag="338" ind1=" " ind2=" ">
    <subfield code="a">volume</subfield>
    <subfield code="b">nc</subfield>
    <subfield code="2">rdacarrier</subfield>
  </datafield>
  <datafield tag="650" ind1=" " ind2="0">
    <subfield code="a">Labor Zionism</subfield>
    <subfield code="z">Palestine.</subfield>
  </datafield>
  <datafield tag="650" ind1=" " ind2="0">
    <subfield code="a">Jews</subfield>
    <subfield code="x">Colonization</subfield>
    <subfield code="z">Palestine</subfield>
    <subfield code="x">History</subfield>
    <subfield code="y">20th century.</subfield>
  </datafield>
  <datafield tag="610" ind1="2" ind2="0">
    <subfield code="a">Gedud ha-ʻavodah ʻal shem Yosef Ṭrumpeldor be-Erets-Yiśraʼel.</subfield>
  </datafield>
  <datafield tag="651" ind1=" " ind2="0">
    <subfield code="a">Palestine</subfield>
    <subfield code="x">History</subfield>
    <subfield code="y">1917-1948.</subfield>
  </datafield>
  <datafield tag="700" ind1="1" ind2=" ">
    <subfield code="6">880-05</subfield>
    <subfield code="a">Ayalon, Lea,</subfield>
    <subfield code="e">translator.</subfield>
  </datafield>
  <datafield tag="880" ind1=" " ind2=" ">
    <subfield code="6">700-05/(2/r‏</subfield>
    <subfield code="a">איילון, לאה.</subfield>
  </datafield>
  <datafield tag="700" ind1="1" ind2=" ">
    <subfield code="6">880-06</subfield>
    <subfield code="a">Melcer, Ioram,</subfield>
    <subfield code="d">1963-</subfield>
    <subfield code="e">editor.</subfield>
  </datafield>
  <datafield tag="880" ind1=" " ind2=" ">
    <subfield code="6">700-06/(2/r</subfield>
    <subfield code="a">מלצר, יורם.</subfield>
  </datafield>
  <datafield tag="700" ind1="1" ind2=" ">
    <subfield code="a">In di shpurn fun Gedud ha-ʻavodah.</subfield>
  </datafield>
  <datafield tag="700" ind1="1" ind2=" ">
    <subfield code="a">Be-ʻiḳvot Gedud ha-ʻavodah</subfield>
    <subfield code="l">Hebrew.</subfield>
  </datafield>
  <datafield tag="952" ind1=" " ind2=" ">
    <subfield code="a">MLC</subfield>
  </datafield>
</record>