
<record>
  <leader>03106cam a22004217i 4500</leader>
  <controlfield tag="001">18913650</controlfield>
  <controlfield tag="005">20200103150540.0</controlfield>
  <controlfield tag="008">151221s2016    enka     b    001 0 eng c</controlfield>
  <datafield tag="906" ind1=" " ind2=" ">
    <subfield code="a">7</subfield>
    <subfield code="b">cbc</subfield>
    <subfield code="c">pccadap</subfield>
    <subfield code="d">2</subfield>
    <subfield code="e">ncip</subfield>
    <subfield code="f">20</subfield>
    <subfield code="g">y-gencatlg</subfield>
  </datafield>
  <datafield tag="925" ind1="0" ind2=" ">
    <subfield code="a">acquire</subfield>
    <subfield code="b">1 shelf copy</subfield>
    <subfield code="x">policy default</subfield>
  </datafield>
  <datafield tag="955" ind1=" " ind2=" ">
    <subfield code="b">rm05 2017-03-08 z-processor</subfield>
    <subfield code="i">rm05 2017-03-20 to Dewey</subfield>
    <subfield code="e">rm05 2017-08-15 to Dewey</subfield>
  </datafield>
  <datafield tag="010" ind1=" " ind2=" ">
    <subfield code="a">  2015960560</subfield>
  </datafield>
  <datafield tag="016" ind1="7" ind2=" ">
    <subfield code="a">101684849</subfield>
    <subfield code="2">DNLM</subfield>
  </datafield>
  <datafield tag="020" ind1=" " ind2=" ">
    <subfield code="a">9780124200203</subfield>
  </datafield>
  <datafield tag="020" ind1=" " ind2=" ">
    <subfield code="a">0124200206</subfield>
  </datafield>
  <datafield tag="035" ind1=" " ind2=" ">
    <subfield code="a">(OCoLC)ocn935195208</subfield>
  </datafield>
  <datafield tag="040" ind1=" " ind2=" ">
    <subfield code="a">NLM</subfield>
    <subfield code="b">eng</subfield>
    <subfield code="c">NLM</subfield>
    <subfield code="e">rda</subfield>
    <subfield code="d">BTCTA</subfield>
    <subfield code="d">BDX</subfield>
    <subfield code="d">YDXCP</subfield>
    <subfield code="d">CDX</subfield>
    <subfield code="d">OCLCF</subfield>
    <subfield code="d">VRC</subfield>
    <subfield code="d">NKM</subfield>
    <subfield code="d">SUC</subfield>
    <subfield code="d">DCK</subfield>
    <subfield code="d">DLC</subfield>
  </datafield>
  <datafield tag="050" ind1="0" ind2="0">
    <subfield code="a">BF575.A86</subfield>
    <subfield code="b">G55 2016</subfield>
  </datafield>
  <datafield tag="060" ind1="0" ind2="0">
    <subfield code="a">2016 F-657</subfield>
  </datafield>
  <datafield tag="060" ind1="1" ind2="0">
    <subfield code="a">WM 460.5.O2</subfield>
  </datafield>
  <datafield tag="100" ind1="1" ind2=" ">
    <subfield code="a">Gillath, Omri,</subfield>
    <subfield code="e">author.</subfield>
  </datafield>
  <datafield tag="245" ind1="1" ind2="0">
    <subfield code="a">Adult attachment :</subfield>
    <subfield code="b">a concise introduction to theory and research /</subfield>
    <subfield code="c">Omri Gillath, Department of Psychology, University of Kansas Lawrence, KS, USA, Gery C. Karantzas, School of Psychology, Deakin University Burwood, Victoria, Australia, R. Chris Fraley, Department of Psychology University of Illinois at Urbana-Champaign Champaign, IL, USA.</subfield>
  </datafield>
  <datafield tag="264" ind1=" " ind2="1">
    <subfield code="a">Amsterdam :</subfield>
    <subfield code="b">Academic Press is an imprint of Elsevier,</subfield>
    <subfield code="c">[2016]</subfield>
  </datafield>
  <datafield tag="300" ind1=" " ind2=" ">
    <subfield code="a">xix, 326 pages :</subfield>
    <subfield code="b">illustrations ;</subfield>
    <subfield code="c">23 cm</subfield>
  </datafield>
  <datafield tag="336" ind1=" " ind2=" ">
    <subfield code="a">text</subfield>
    <subfield code="b">txt</subfield>
    <subfield code="2">rdacontent</subfield>
  </datafield>
  <datafield tag="337" ind1=" " ind2=" ">
    <subfield code="a">unmediated</subfield>
    <subfield code="b">n</subfield>
    <subfield code="2">rdamedia</subfield>
  </datafield>
  <datafield tag="338" ind1=" " ind2=" ">
    <subfield code="a">volume</subfield>
    <subfield code="b">nc</subfield>
    <subfield code="2">rdacarrier</subfield>
  </datafield>
  <datafield tag="504" ind1=" " ind2=" ">
    <subfield code="a">Includes bibliographical references and index.</subfield>
  </datafield>
  <datafield tag="505" ind1="0" ind2=" ">
    <subfield code="a">What is attachment theory? -- What is an attachment relationship? -- How do individual differences in attachment develop? -- What are attachment working models? -- How are individual differences in attachment measured? -- How stable are attachment styles in adulthood? -- What can social cognition and priming tell us about attachment? -- What is the attachment behavioral system? And, how is it linked to other behavioral systems? -- What are the effects of context on attachment? -- What can neuroscience, genetics, and physiology tell us about attachment? -- What are the implications of attachment processes for psychopathology and therapy?</subfield>
  </datafield>
  <datafield tag="520" ind1=" " ind2=" ">
    <subfield code="a">&quot;The book covers a variety of topics on attachment from different levels of analysis: formation and development of attachment bonds; conceptualization and measurement of attachment styles; working models of attachment - their content structure, and implications for relationship functioning and emotion regulation; cognitive underpinnings of attachment and its activation of enhancement via priming; interplay between the attachment behavioral system and other behavioral systems; contribution of physiology, neurosciene, and genetics to attachment; role of contextual factors in understanding attachment; implications of attachment for therapy and understanding psychopathology.&quot;--Page 4 of cover.</subfield>
  </datafield>
  <datafield tag="650" ind1=" " ind2="0">
    <subfield code="a">Attachment behavior.</subfield>
  </datafield>
  <datafield tag="650" ind1=" " ind2="0">
    <subfield code="a">Attachment disorder.</subfield>
  </datafield>
  <datafield tag="650" ind1="1" ind2="2">
    <subfield code="a">Object Attachment</subfield>
  </datafield>
  <datafield tag="650" ind1="2" ind2="2">
    <subfield code="a">Adult</subfield>
  </datafield>
  <datafield tag="650" ind1=" " ind2="7">
    <subfield code="a">Attachment disorder</subfield>
    <subfield code="2">fast</subfield>
    <subfield code="0">(OCoLC)fst01736731</subfield>
  </datafield>
  <datafield tag="650" ind1=" " ind2="7">
    <subfield code="a">Attachment behavior.</subfield>
    <subfield code="2">fast</subfield>
    <subfield code="0">(OCoLC)fst00820762</subfield>
  </datafield>
  <datafield tag="700" ind1="1" ind2=" ">
    <subfield code="a">Karantzas, Gery C.,</subfield>
    <subfield code="e">author.</subfield>
  </datafield>
  <datafield tag="700" ind1="1" ind2=" ">
    <subfield code="a">Fraley, R. Chris,</subfield>
    <subfield code="e">author.</subfield>
  </datafield>
</record>