
<record>
  <leader>08649cam a22004937i 4500</leader>
  <controlfield tag="001">18913666</controlfield>
  <controlfield tag="005">20200103150540.0</controlfield>
  <controlfield tag="008">151221s2016    enka     b    001 0 eng c</controlfield>
  <datafield tag="906" ind1=" " ind2=" ">
    <subfield code="a">7</subfield>
    <subfield code="b">cbc</subfield>
    <subfield code="c">pccadap</subfield>
    <subfield code="d">2</subfield>
    <subfield code="e">ncip</subfield>
    <subfield code="f">20</subfield>
    <subfield code="g">y-gencatlg</subfield>
  </datafield>
  <datafield tag="925" ind1="0" ind2=" ">
    <subfield code="a">acquire</subfield>
    <subfield code="b">1 shelf copy</subfield>
    <subfield code="x">policy default</subfield>
  </datafield>
  <datafield tag="955" ind1=" " ind2=" ">
    <subfield code="b">re24 2017-07-31 z-processor</subfield>
    <subfield code="a">rl00 2017-08-15 to SMA</subfield>
    <subfield code="i">rl09 2018-02-02 ; to Dewey</subfield>
    <subfield code="w">xm08 2018-03-23 (telework)</subfield>
  </datafield>
  <datafield tag="955" ind1=" " ind2=" ">
    <subfield code="a">pc27 2015-12-21</subfield>
    <subfield code="a">xn12 2017-03-06 1 copy rec&apos;d., to USASH</subfield>
  </datafield>
  <datafield tag="010" ind1=" " ind2=" ">
    <subfield code="a">  2015960575</subfield>
  </datafield>
  <datafield tag="016" ind1="7" ind2=" ">
    <subfield code="a">101697766</subfield>
    <subfield code="2">DNLM</subfield>
  </datafield>
  <datafield tag="020" ind1=" " ind2=" ">
    <subfield code="a">9780128014264 (hbk.)</subfield>
  </datafield>
  <datafield tag="020" ind1=" " ind2=" ">
    <subfield code="a">0128014261 (hbk.)</subfield>
  </datafield>
  <datafield tag="035" ind1=" " ind2=" ">
    <subfield code="a">(OCoLC)ocn946605503</subfield>
  </datafield>
  <datafield tag="040" ind1=" " ind2=" ">
    <subfield code="a">NLM</subfield>
    <subfield code="b">eng</subfield>
    <subfield code="c">NLM</subfield>
    <subfield code="e">rda</subfield>
    <subfield code="d">CHVBK</subfield>
    <subfield code="d">OCLCF</subfield>
    <subfield code="d">CBY</subfield>
    <subfield code="d">TKN</subfield>
    <subfield code="d">BNG</subfield>
    <subfield code="d">YDX</subfield>
    <subfield code="d">BTCTA</subfield>
    <subfield code="d">BDX</subfield>
    <subfield code="d">GSU</subfield>
    <subfield code="d">OBE</subfield>
    <subfield code="d">WTU</subfield>
    <subfield code="d">YDXCP</subfield>
    <subfield code="d">OCLCO</subfield>
    <subfield code="d">DLC</subfield>
  </datafield>
  <datafield tag="050" ind1="0" ind2="0">
    <subfield code="a">QP385.5</subfield>
    <subfield code="b">.L365 2016</subfield>
  </datafield>
  <datafield tag="060" ind1="0" ind2="0">
    <subfield code="a">2016 J-145</subfield>
  </datafield>
  <datafield tag="060" ind1="1" ind2="0">
    <subfield code="a">WL 335</subfield>
  </datafield>
  <datafield tag="082" ind1="0" ind2="0">
    <subfield code="a">612.8/233</subfield>
    <subfield code="2">23</subfield>
  </datafield>
  <datafield tag="245" ind1="0" ind2="0">
    <subfield code="a">Laterality in sports :</subfield>
    <subfield code="b">theories and applications /</subfield>
    <subfield code="c">edited by Florian Loffing, Norbert Hagemann, Bernd Strauss, Clare MacMahon.</subfield>
  </datafield>
  <datafield tag="264" ind1=" " ind2="1">
    <subfield code="a">London :</subfield>
    <subfield code="a">Cambridge, MA :</subfield>
    <subfield code="b">Elsevier Academic Press,</subfield>
    <subfield code="c">[2016]</subfield>
  </datafield>
  <datafield tag="300" ind1=" " ind2=" ">
    <subfield code="a">xvii, 362 pages :</subfield>
    <subfield code="b">illustrations ;</subfield>
    <subfield code="c">24 cm</subfield>
  </datafield>
  <datafield tag="336" ind1=" " ind2=" ">
    <subfield code="a">text</subfield>
    <subfield code="b">txt</subfield>
    <subfield code="2">rdacontent</subfield>
  </datafield>
  <datafield tag="337" ind1=" " ind2=" ">
    <subfield code="a">unmediated</subfield>
    <subfield code="b">n</subfield>
    <subfield code="2">rdamedia</subfield>
  </datafield>
  <datafield tag="338" ind1=" " ind2=" ">
    <subfield code="a">volume</subfield>
    <subfield code="b">nc</subfield>
    <subfield code="2">rdacarrier</subfield>
  </datafield>
  <datafield tag="520" ind1=" " ind2=" ">
    <subfield code="a">Control of movement is central to successful sports performance. Laterality is a critical part of this movement control as players typically have a preference for relying on a dominant side. Tennis players may hold the racket primarily in their dominant hand, and soccer or football players may kick with their dominant foot. Laterality also comes into play in the direction to turn as in performing a spin in figure skating or which eye to use when aiming at a target. Laterality in sports summarizes research findings in this area from psychology, evolutionary biology, and neuroscience. Coverage includes the origins and persistence of laterality in humans; measurement of laterality and its relevance in sports; the cognitive neuroscience of laterality; laterality&apos;s impact on talent identification, skill acquisition, and athlete development; performance differences between left- and right-sided athletes; laterality in individual and team sports; biomechanical aspects of laterality; and sports medicine perspectives on laterality. Chapters review current research and discuss the implications of these findings for sport practice.--</subfield>
    <subfield code="c">Source other than Library of Congress.</subfield>
  </datafield>
  <datafield tag="504" ind1=" " ind2=" ">
    <subfield code="a">Includes bibliographical references and index.</subfield>
  </datafield>
  <datafield tag="505" ind1="0" ind2=" ">
    <subfield code="a">List of contributors -- Editor biographies. Preface : 1 Laterality in sports: more than two sides of the same coin / Florian Loffing, Norbert Hagemann, Bernd Strauss and Clare MacMahon -- The structure of the book -- References. Part A Laterality: an important and often disregarded topic : 2 Origins, development, and persistence of laterality in humans / Charlotte Faurie, Michel Raymond and Natalie Uomini : the complex measurement of handedness -- Handedness in the past -- Geographical variations -- Heritability of hand preference -- Evolutionary forces acting on the polymorphism of handedness -- Conclusion -- References. 3 In fencing, are left-handers trouble for right-handers? What fencing masters said in the past and what scientists say today / Lauren Julius Harris : Introduction -- Handedness in fencing -- Left-handedness and fencing: the view today -- Conclusion -- Acknowledgments -- References. 4 Measurement of laterality and its relevance for sports / Till Utesch, Stijn Valentijn Mentzel, Bernd Strauss and Dirk Büsch : An assessment-oriented perspective -- Laterality as latent structure from a test theoretical perspective -- Conclusion -- References. 5 Laterality and its role in talent identification and athlete development / Jörg Schorer, Judith Tirp, Christina Steingröver and Joseph Baker : Talent identification and selection -- Approaches to researching talent -- Influence of laterality on talent development -- Expertise research and laterality: real experts are rare in their occurrence -- Some advantages come and go: an evolutionary perspective on laterality -- Two cases as examples for practical implications -- References. 6 Perspectives from sports medicine / Todd. S. Ellenbecker : Introduction -- Interpretation of musculoskeletal testing: the need for understanding population-specific laterality in sports medicine -- Upper extremity -- Lower extremity -- Trunk -- Summary -- References. Part B Motor control and learning : 7 What can we learn about cognition from studying handedness? insights from cognitive neuroscience / Jacqueline A. De Nooijer and Roel M. Willems : Introduction -- The left-handed brain -- Left-handed language -- Left-handed learners -- Application of results from handedness studies -- Conclusions and summary -- References. 8 Laterality of basic motor control mechanisms: different roles of the right and left brain hemispheres / Robert L. Sainburg : Introduction -- Vertebrate brain lateralization -- Human handedness -- Two fundamental components of motor control -- Dominant arm advantages in predictive control -- Nondominant arm advantages in impedance control -- The effects of hybrid control on motor performance and adaptation -- hemispheric specializations for control of limb dynamics and limb impedance -- motor asymmetries in left-handers -- Application to sports and athletics -- Summary and conclusions -- References. 9 Effector transfer / Charles H. Shea, Stefan Panzer and Deanna M. Kennedy : The structure, control, and effector transfer of movement sequences -- Effector transfer can disrupt sequence concatenation -- Multiple representations -- Implicit versus explicit coding -- Handedness, hemispheric asymmetries, and effector transfer -- Summary -- References. 10 Near misses and the effect of attentional asymmetries on sporting performance / Owen Churches and Michael E.R. Nicholls : Attention -- Attentional asymmetries and sport -- Summary -- References. Part C Performance in sports : 11 Laterality in individual sports / Thomas Heinen, Christina Bermeitinger and Christoph Von Lassberg : Introduction -- Rotational movements -- Rotational preference -- Laterality factors contributing to rotational preference -- Relationship between perceptual-cognitive skills and rotational preference -- Implications for practice -- Conclusions -- References. 12 Performance differences between left- and right-sided athletes in one-on-one interactive sports / Florian Loffing and Norbert Hagemann : Introduction -- Prevalence of left-sidedness in sports -- Why would left-sided athletes have an advantage in sports? -- Left-sidedness and sporting success -- Laterality effects in task-specific perceptual-cognitive skills -- So far, so good? A critique and suggestions for further explanatory approaches -- Conclusion -- References. 13 Biomechanical considerations of laterality in sport / Lucy Parrington and Kevin Ball : Introduction -- Biomechanical assessment of asymmetries -- How do we identify and assess asymmetries? Asymmetry and limb dominance in cyclic and repetitive movement patterns -- Running -- Cycling -- Swimming -- Countering the effects of bilateral asymmetry -- Biomechanical assessments of preferred and nonpreferred limb skills (dominant and nondominant limb skills) -- Kicking -- Throwing -- Improving the ambidexterity of skills -- Comment on laterality and performance -- Summary -- References. 14 Laterality effects on performance in team sports: insights from soccer and basketball / Tino Stöckel and David P. Carey : Introduction -- Insights from soccer -- Insights from basketball -- Conclusion -- References. 15 Skill acquisitions in left- and right-dominant athletes: insights from elite coaching / Dave Whiteside, Tim Buszard, Georgia Giblin and Machar Reid : Introduction -- Delivering information via demonstrations -- Providing feedback to facilitate learning and performance -- Structuring practice -- Summary -- References. Index.</subfield>
  </datafield>
  <datafield tag="650" ind1=" " ind2="0">
    <subfield code="a">Laterality.</subfield>
  </datafield>
  <datafield tag="650" ind1=" " ind2="0">
    <subfield code="a">Cognitive neuroscience.</subfield>
  </datafield>
  <datafield tag="650" ind1=" " ind2="0">
    <subfield code="a">Sports</subfield>
    <subfield code="x">Psychological aspects.</subfield>
  </datafield>
  <datafield tag="650" ind1="1" ind2="2">
    <subfield code="a">Functional Laterality.</subfield>
  </datafield>
  <datafield tag="650" ind1="2" ind2="2">
    <subfield code="a">Sports</subfield>
    <subfield code="x">physiology.</subfield>
  </datafield>
  <datafield tag="650" ind1=" " ind2="7">
    <subfield code="a">Cognitive neuroscience.</subfield>
    <subfield code="2">fast</subfield>
    <subfield code="0">(OCoLC)fst00866540</subfield>
  </datafield>
  <datafield tag="650" ind1=" " ind2="7">
    <subfield code="a">Laterality.</subfield>
    <subfield code="2">fast</subfield>
    <subfield code="0">(OCoLC)fst00992962</subfield>
  </datafield>
  <datafield tag="650" ind1=" " ind2="7">
    <subfield code="a">Sports</subfield>
    <subfield code="x">Psychological aspects.</subfield>
    <subfield code="2">fast</subfield>
    <subfield code="0">(OCoLC)fst01130495</subfield>
  </datafield>
  <datafield tag="700" ind1="1" ind2=" ">
    <subfield code="a">Loffing, Florian,</subfield>
    <subfield code="e">editor.</subfield>
  </datafield>
  <datafield tag="700" ind1="1" ind2=" ">
    <subfield code="a">Hagemann, Norbert,</subfield>
    <subfield code="d">1971-</subfield>
    <subfield code="e">editor.</subfield>
  </datafield>
  <datafield tag="700" ind1="1" ind2=" ">
    <subfield code="a">Strauss, Bernd,</subfield>
    <subfield code="d">1959-</subfield>
    <subfield code="e">editor.</subfield>
  </datafield>
  <datafield tag="700" ind1="1" ind2=" ">
    <subfield code="a">MacMahon, Clare,</subfield>
    <subfield code="e">editor.</subfield>
  </datafield>
  <datafield tag="963" ind1=" " ind2=" ">
    <subfield code="a">Kim Lander; phone: (44) 1865 843185; email: k.lander@elsevier.com; bc: k.lander@elsevier.com</subfield>
  </datafield>
</record>